%%%%%%%%%%%%%%%%%%%%%%%%%%%%%%%%%%%%%
%
% Bibliography for a review article on lattice methods.
% J. E. Drut & A. N. Nicholson.
%
%%%%%%%%%%%%%%%%%%%%%%%%%%%%%%%%%%%%%

@article{ArnoldDrutSon,
	Author = {P. Arnold and J. E. Drut and D. T. Son},
	Journal = {Phys. Rev. A},
	Pages = 043605,
	Title = {{NNLO epsilon expansion for a Fermi gas at infinite scattering length}},
	Volume = 75,
	Year = 2006}

@article{BDM_1,
	Author = {A. Bulgac and J.E. Drut and P. Magierski},
	Journal = {Phys.\ Rev.\ Lett.},
	Pages = 090404,
	Title = {Spin 1/2 fermions in the unitary regime: a superfluid of a new type},
	Volume = 96,
	Year = 2006}

@article{BDM_2,
	Author = {A. Bulgac and J.E. Drut and P. Magierski},
	Journal = {Phys.\ Rev.\ Lett.},
	Pages = 120401,
	Title = {Thermodynamics of a trapped unitary Fermi gas},
	Volume = 99,
	Year = 2007}

@article{BDM_3,
	Author = {A. Bulgac and J.E. Drut and P. Magierski},
	Journal = {Int. J. Mod. Phys. B},
	Pages = 5165,
	Title = {Spin 1/2 fermions in the unitary regime at finite temperature},
	Volume = 20,
	Year = 2006}

@article{BDM_4,
	Author = {A. Bulgac and J.E. Drut and P. Magierski},
	Journal = {Phys. Rev. A},
	Pages = 023625,
	Title = {Quantum Monte Carlo simulations of the BCS-BEC crossover at finite temperature},
	Volume = 78,
	Year = 2008}
	
@article{BDM_5,
	Author = {P. Magierski and G. Wlaz\l{}owski and A. Bulgac and J.E. Drut},
	Journal = {Phys. Rev. Lett.},
	Pages = 210403,
	Title = {Gap and pseudogap of a unitary Fermi gas by quantum Monte Carlo},
	Volume = 103,
	Year = 2009}

@article{MWB,
	Author = {P. Magierski and G. Wlaz\l{}owski and A. Bulgac},
	Journal = {Phys. Rev. Lett.},
	Pages = 145304,
	Title = {Onset of a Pseudogap Regime in Ultracold Fermi Gases},
	Volume = 107,
	Year = 2011}

@article{JED,
	Author = {J. E. Drut},
	Journal = {Phys. Rev. A},
	Pages = {013604},
	Title = {Improved lattice operators for non-relativistic fermions},
	Volume = {86},
	Year = 2012}
	
@article{WMD,
	Author = {G. Wlaz\l{}owski and P. Magierski and J.E. Drut},
	Journal = {Phys. Rev. Lett.},
	Pages = {020406},
	Title = {Shear Viscosity of a Unitary Fermi Gas},
	Volume = {109},
	Year = 2012}

@article{LINPRO,
	Author = {P. Magierski and G. Wlaz\l{}owski},
	Journal = {Comput. Phys. Commun.},
	Pages = {2264},
	Title = {LINPRO linear inverse problem library for data contaminated by statistical noise},
	Volume = {183},
	Year = 2012}

@book{BFPReview,
	Address = {Berlin},
	Author = {A. Bulgac and M. M. Forbes and P. Magierski},
	Publisher = {Springer-Verlag},
	Title = {BCS-BEC crossover and the Unitary Fermi Gas (Lecture Notes in Physics), edited by W. Zwerger.},
	Year = 2011}
	
%%% title: The Unitary Fermi Gas: From Monte Carlo to Density Functionals

@article{RRdosSantos,
	Author = {R. R. dos Santos},
	Journal = {Braz. J. Phys.},
	Pages = 33,
	Title = {Introduction to Quantum Monte Carlo simulations for fermionic systems},
	Volume = 36,
	Year = 2003}
	
@article{Kooninetal,
	Author = {S.E. Koonin and D.J. Dean and K. Langanke},
	Journal = {Phys. Rep.},
	Pages = 1,
	Title = {Shell model Monte Carlo methods},
	Volume = 278,
	Year = 1997}

@article{Eagles,
	Author = {D. R. Eagles},
	Journal = {Phys. Rev.},
	Pages = 456,
	Title = {{Possible pairing without superconductivity at low carrier concentrations in bulk and thin-film superconducting semiconductors}},
	Volume = 186,
	Year = 1969}
	
@book{BraatenReview,
	Address = {Berlin},
	Author = {E. Braaten},
	Publisher = {Springer-Verlag},
	Title = {BCS-BEC crossover and the Unitary Fermi Gas (Lecture Notes in Physics), edited by W. Zwerger.},
	Year = 2011}
	
%%%%	Title = {Universal relations for fermions with large scattering length},

@article{BraatenHammerReview,
	Author = {E. Braaten and H.-W. Hammer},
	Journal = {Phys. Rept.},
	Pages = 259,
	Title = {Universality in few-body systems with large scattering length},
	Volume = 428,
	Year = 2006}

@article{ShinaContact1,
	Author = {S. Tan},
	Journal = {Ann.\ Phys.},
	Pages = 2952,
	Title = {Energetics of a strongly correlated Fermi gas},
	Volume = 323,
	Year = 2008}

@article{ShinaContact2,
	Author = {S. Tan},
	Journal = {Ann.\ Phys.},
	Pages = 2971,
	Title = {Large momentum part of fermions with large scattering length},
	Volume = 323,
	Year = 2008}
	
@article{ShinaContact3,
	Author = {S. Tan},
	Journal = {Ann.\ Phys.},
	Pages = 2987,
	Title = {Generalized Virial Theorem and Pressure relation fir a strongly correlated Fermi gas},
	Volume = 323,
	Year = 2008}	

@article{ZhangLeggett,
	Author = {S.~Zhang and A.~J.~Leggett},
	Journal = {Phys.\ Rev.\ A},
	Pages = 033614,
	Title = {Sum-rule analysis of radio-frequency spectroscopy of ultracold Fermi gas},
	Volume = 77,
	Year = 2008}	

@article{Werner,
	Author = {F.~Werner},
	Journal = {Phys.\ Rev.\ A},
	Pages = 025601,
	Title = {Virial theorems for trapped cold atoms},
	Volume = 78,
	Year = 2008}	

@article{BraatenPlatter1,
	Author = {E.~Braaten and L.~Platter},
	Journal = {Phys.\ Rev.\ Lett.},
	Pages = 205301,
	Title = {Exact relations for a strongly-interacting Fermi gas from the operator product expansion},
	Volume = 100,
	Year = 2008}
	
@article{BraatenPlatter2,
	Author = {E.~Braaten and D.~Kang and L.~Platter},
	Journal = {Phys.\ Rev.\ Lett},
	Pages = 223004,
	Title = {Short-time operator product expansion for rf spectroscopy of a strongly interacting Fermi gas},
	Volume = 104,
	Year = 2010}
	
@article{SonThompson,
	Author = {D.~T.~Son and E.~G.~Thompson},
	Journal = {Phys.\ Rev.\ A},
	Pages = 063634,
	Title = {Short-distance and short-time structure of a unitary Fermi gas},
	Volume = 81,
	Year = 2010}

@article{TaylorRanderia,
	Author = {E.~Taylor, M.~Randeria},
	Journal = {Phys.\ Rev.\ A},
	Pages = 053610,
	Title = {Viscosity of strongly interacting quantum ï¾Ÿuids: Spectral functions and sum rules},
	Volume = 81,
	Year = 2010}	
	
%%%%%%%%%%%%%%%%%%%%%%%%%%%%%%%%%%%%%%%%%%%%%%%%%%%%%%

@article{Lee,
	Author = {D.~Lee},
	Journal = {Phys. Rev. B},
	Pages = 115112,
	Title = {Ground state energy of spin-1/2 fermions in the unitary limit},
	Volume = 73,
	Year = 2006}

@article{Lee1,
	Author = {D. Lee},
	Journal = {Phys. Rev. C},
	Pages = 024001,
	Title = {Ground state energy at unitarity},
	Volume = 78,
	Year= 2008}

@article{Lee2,
	Author = {D. Lee},
	Journal = {Prog. Part. Nucl. Phys.},
	Pages = 117,
	Title = {Lattice simulations for few- and many-body systems},
	Volume = 63,
	Year= 2009}
	
@article{DLT,
	Author = {J.~E.~Drut and T.~A.~Lahde and T.~Ten},
	Journal = {Phys.\ Rev.\ Lett.},
	Pages = 205302,
	Title = {Momentum distribution and contact of the unitary Fermi gas.},
	Volume = 106,
	Year= 2011}

@article{DLWM,
	Author = {J.~E.~Drut and T.~A.~Lahde and G.~Wlaz\l{}owski and P.~Magierski},
	Journal = {Phys.\ Rev.\ A },
	Pages = {051601(R)},
	Title = {The Equation of State of the Unitary Fermi Gas: An Update on Lattice Calculations},
	Volume = 85,
	Year= 2011}
	
@book{MatrixComputations,
	Address = {Baltimore and London},
	Author = {G. H. Golub and C. F. Van Loan},
	Publisher = {Johns-Hopkins University Press},
	Title = {Matrix Computations, 3rd Ed.},
	Year = 1996}
	
@book{TinkhamBook,
	Author = {M. Tinkham},
	Address = {Mineola, New York},
	Publisher = {Dover Publications, Inc.},
	Title = {Group Theory and Quantum Mechanics},
	Year = 1992}
	
@article{BSS,
	Author = {R.~Blankenbecler and D.~J.~Scalapino and R.~L.~Sugar},
	Journal = {Phys. Rev. D},
	Pages = {2278},
	Title = {Monte Carlo calculations of coupled boson-fermion systems. I},
	Volume = 24,
	Year= 1981}
	
@article{Soper,
	Author = {D. E. Soper},
	Journal = {Phys. Rev. D},
	Pages = {4590},
	Title = {Construction of the functional-integral representation for fermion Green's functions},
	Volume = 18,
	Year= 1978}

@article{HS1,
	Author = {R.~L.~Stratonovich},
	Journal = {Sov.\ Phys.\ Dokl.},
	Pages = {416},
	Title = {},
	Volume = 2,
	Year= 1958}

@article{HS2,
	Author = {J.~Hubbard},
	Journal = {Phys.\ Rev.\ Lett. },
	Pages = {77},
	Title = {},
	Volume = 3,
	Year= 1959}

@article{HMC1,
	Author = {S.~Duane and A.~D.~Kennedy and B.~J.~Pendleton and D.~Roweth},
	Journal = {Phys.\ Lett.\ B },
	Pages = {216},
	Title = {Hybrid Monte Carlo},
	Volume = 195,
	Year= 1987}

@article{HMC2,
	Author = {S.~A.~Gottlieb and W.~Liu and D.~Toussaint and R.~L.~Renken},
	Journal = {Phys. Rev. D },
	Pages = {2531},
	Title = {Hybrid-molecular-dynamics algorithms for the numerical simulations of quantum chromodynamics},
	Volume = 35,
	Year= 1987}
	
	
%%%%%%%%%%%%%%%%%%%%%%%%%%%%%

@article{Toussaint,
	Author = {D.~Toussaint},
	Journal = {Comput. Phys. Commun.},
	Pages = {69},
	Title = {Introduction to algorithms for Monte Carlo simulations and their application to QCD},
	Volume = 56,
	Year= 1989}	
	
@article{Omelyan,
	Author = {I.~P.~Omelyan, I.~M.~Mryglod, R.~Folk},
	Journal = {Comut. Phys. Commun.},
	Pages = {272},
	Title = {Symplectic analytically integrable decomposition algorithms: classification, derivation, and application to molecular dynamics,
	quantum and celestial mechanics simulations},
	Volume = 151,
	Year= 2003}	

%%%%%%%%%%%%%%%%%%%%%%%%%%%%%

@article{Luescher1,
	Author = {M. L\"uscher},
	Journal = {Commun.\ Math.\ Phys. },
	Pages = {177},
	Title = {Volume Dependence of the Energy Spectrum in Massive Quantum Field Theories. 1. Stable Particle States.},
	Volume = 104,
	Year= 1986}
	
@article{Luescher2,
	Author = {M. L\"uscher},
	Journal = {Commun.\ Math.\ Phys. },
	Pages = {153},
	Title = {Volume Dependence of the Energy Spectrum in Massive Quantum Field Theories. 2. Scattering States},
	Volume = 105,
	Year= 1986}
	
@article{Dudek:2010wm,
      author         = "Dudek, Jozef J. and Edwards, Robert G. and Peardon,
                        Michael J. and Richards, David G. and Thomas, Christopher
                        E.",
      title          = "{Toward the excited meson spectrum of dynamical QCD}",
      journal        = "Phys. Rev.",
      volume         = "D82",
      year           = "2010",
      pages          = "034508",
      doi            = "10.1103/PhysRevD.82.034508",
      eprint         = "1004.4930",
      archivePrefix  = "arXiv",
      primaryClass   = "hep-ph",
      reportNumber   = "JLAB-THY-10-1171",
      SLACcitation   = "%%CITATION = ARXIV:1004.4930;%%"
}

@article{Beane:2012ey,
      author         = "Beane, S. R. and Chang, E. and Cohen, S. D. and Detmold,
                        W. and Lin, H. -W. and Luu, T. C. and Orginos, K. and
                        Parreno, A. and Savage, M. J. and Walker-Loud, A.",
      title          = "{Hyperon-Nucleon Interactions and the Composition of
                        Dense Nuclear Matter from Quantum Chromodynamics}",
      journal        = "Phys. Rev. Lett.",
      volume         = "109",
      year           = "2012",
      pages          = "172001",
      doi            = "10.1103/PhysRevLett.109.172001",
      eprint         = "1204.3606",
      archivePrefix  = "arXiv",
      primaryClass   = "hep-lat",
      reportNumber   = "UNH-12-03, JLAB-THY-12-1509, NT-UW-12-06, NT-LBNL-12-005,
                        UCB-NPAT-12-005, NT@UW-12-06, --UCB-NPAT-12-005",
      SLACcitation   = "%%CITATION = ARXIV:1204.3606;%%"
}

@article{Li:2014wga,
      author         = "Li, Ning and Li, Song-Yuan and Liu, Chuan",
      title          = "{Generalized Lüscher?s formula in multichannel
                        baryon-baryon scattering}",
      journal        = "Phys. Rev.",
      volume         = "D90",
      year           = "2014",
      number         = "3",
      pages          = "034509",
      doi            = "10.1103/PhysRevD.90.034509",
      eprint         = "1401.5569",
      archivePrefix  = "arXiv",
      primaryClass   = "hep-lat",
      SLACcitation   = "%%CITATION = ARXIV:1401.5569;%%"
}

@article{Detmold:2015qwf,
      author         = "Detmold, William and Nicholson, Amy",
      title          = "{Low energy scattering phase shifts for meson-baryon
                        systems}",
      year           = "2015",
      eprint         = "1511.02275",
      archivePrefix  = "arXiv",
      primaryClass   = "hep-lat",
      reportNumber   = "MIT-CTP-4729",
      SLACcitation   = "%%CITATION = ARXIV:1511.02275;%%"
}

%%%%%%%%%%%%%%%%%%%%%%%%%%%%%

@article{EKLN1,
	Author = {M.~G.~Endres and D.~B.~Kaplan and J.-W.~Lee and A.~N.~Nicholson},
	Journal = {Phys. Rev. A},
	Pages = {043644},
	Title = {Lattice Monte Carlo calculations for unitary fermions in a harmonic trap},
	Volume = 84,
	Year= 2011}

@article{EKLN2,
	Author = {M.~G.~Endres and D.~B.~Kaplan and J.-W.~Lee and A.~N.~Nicholson},
	Journal = {Phys. Rev. Lett.},
	Pages = {201601},
	Title = {Noise, sign problems, and statistics},
	Volume = 107,
	Year= 2011}

@article{EKLN3,
	Author = {M.~G.~Endres and D.~B.~Kaplan and J.-W.~Lee and A.~N.~Nicholson},
	Journal = {PoS},
	Pages = {182},
	Title = {A new approach for studying large numbers of fermions in the unitary regime},
	Volume = {Lattice 2010},
	Year= 2010}
	
@article{EKLN4,
      author         = "Endres, Michael G. and Kaplan, David B. and Lee, Jong-Wan
                        and Nicholson, Amy N.",
      title          = "{Lattice Monte Carlo calculations for unitary fermions in
                        a finite box}",
      journal        = "Phys.Rev.",
      number         = "2",
      volume         = "A87",
      pages          = "023615",
      doi            = "10.1103/PhysRevA.87.023615",
      year           = "2013",
      eprint         = "1203.3169",
      archivePrefix  = "arXiv",
      primaryClass   = "hep-lat",
      reportNumber   = "INT-PUB-12-011, KEK-CP-266, RIKEN-QHP-16,
                        UM-DOE-ER-40762-517",
      SLACcitation   = "%%CITATION = ARXIV:1203.3169;%%",
}	

@article{LEKN1,
	Author = {J.-W.~Lee and M.~G.~Endres and D.~B.~Kaplan and A.~N.~Nicholson},
	Journal = {PoS},
	Pages = {197},
	Title = {Lattice calculation for unitary fermions in a finite box},
	Volume = {Lattice 2010},
	Year= 2010}

@article{NEKL1,
	Author = {A.~N.~Nicholson and M.~G.~Endres and D.~B.~Kaplan and J.-W.~Lee},
	Journal = {PoS},
	Pages = {206},
	Title = {Lattice study of trapped fermions at unitarity},
	Volume = {Lattice 2010},
	Year= 2010}
	
%%%%%%%%%%%%%%%%%%%%%%%%%%%%%%

@inproceedings{Nicholson:2015pys,
      author         = "Nicholson, Amy and Berkowitz, Evan and Rinaldi, Enrico
                        and Vranas, Pavlos and Kurth, Thorsten and Joo, Balint and
                        Strother, Mark and Walker-Loud, Andre",
      title          = "{Two-nucleon scattering in multiple partial waves}",
      booktitle      = "{Proceedings, 33rd International Symposium on Lattice
                        Field Theory (Lattice 2015)}",
      url            = "http://inspirehep.net/record/1403559/files/arXiv:1511.02262.pdf",
      year           = "2015",
      eprint         = "1511.02262",
      archivePrefix  = "arXiv",
      primaryClass   = "hep-lat",
      reportNumber   = "LLNL-PROC-678486",
      SLACcitation   = "%%CITATION = ARXIV:1511.02262;%%"
}

@article{Kurth:2015cvl,
      author         = "Kurth, Thorsten and Berkowitz, Evan and Rinaldi, Enrico
                        and Vranas, Pavlos and Nicholson, Amy and Strother, Mark
                        and Walker-Loud, Andre",
      title          = "{Nuclear Parity Violation from Lattice QCD}",
      year           = "2015",
      eprint         = "1511.02260",
      archivePrefix  = "arXiv",
      primaryClass   = "hep-lat",
      reportNumber   = "LLNL-PROC-678488",
      SLACcitation   = "%%CITATION = ARXIV:1511.02260;%%"
}

@article{Berkowitz:2015eaa,
      author         = "Berkowitz, Evan and Kurth, Thorsten and Nicholson, Amy
                        and Joo, Balint and Rinaldi, Enrico and Strother, Mark and
                        Vranas, Pavlos M. and Walker-Loud, Andre",
      title          = "{Two-Nucleon Higher Partial-Wave Scattering from Lattice
                        QCD}",
      year           = "2015",
      eprint         = "1508.00886",
      archivePrefix  = "arXiv",
      primaryClass   = "hep-lat",
      reportNumber   = "LLNL-JRNL-674381, NT@WM-15-13, JLAB-THY-15-2116",
      SLACcitation   = "%%CITATION = ARXIV:1508.00886;%%"
}	

@article{Orginos:2015aya,
      author         = "Orginos, Kostas and Parreno, Assumpta and Savage, Martin
                        J. and Beane, Silas R. and Chang, Emmanuel and Detmold,
                        William",
      title          = "{Two nucleon systems at $m_\pi\sim 450~{\rm MeV}$ from
                        lattice QCD}",
      journal        = "Phys. Rev.",
      volume         = "D92",
      year           = "2015",
      number         = "11",
      pages          = "114512",
      doi            = "10.1103/PhysRevD.92.114512",
      eprint         = "1508.07583",
      archivePrefix  = "arXiv",
      primaryClass   = "hep-lat",
      reportNumber   = "INT-PUB-15-042, NSF-KITP-15-120, NT@UW-15-09,
                        MIT-CTP-4709, JLAB-THY-15-2130",
      SLACcitation   = "%%CITATION = ARXIV:1508.07583;%%"
}

@article{Detmold:2015daa,
      author         = "Detmold, William and Orginos, Kostas and Parreno,
                        Assumpta and Savage, Martin J. and Tiburzi, Brian C. and
                        Beane, Silas R. and Chang, Emmanuel",
      title          = "{Unitary Limit of Two-Nucleon Interactions in Strong
                        Magnetic Fields}",
      journal        = "Phys. Rev. Lett.",
      volume         = "116",
      year           = "2016",
      number         = "11",
      pages          = "112301",
      doi            = "10.1103/PhysRevLett.116.112301",
      eprint         = "1508.05884",
      archivePrefix  = "arXiv",
      primaryClass   = "hep-lat",
      reportNumber   = "INT-PUB-15-044, NT@UW-15-10, NSF-KITP-15-119,
                        MIT-CTP-4704, JLAB-THY-15-2128",
      SLACcitation   = "%%CITATION = ARXIV:1508.05884;%%"
}

@article{Chang:2015qxa,
      author         = "Chang, Emmanuel and Detmold, William and Orginos, Kostas
                        and Parreno, Assumpta and Savage, Martin J. and Tiburzi,
                        Brian C. and Beane, Silas R.",
      title          = "{Magnetic structure of light nuclei from lattice QCD}",
      collaboration  = "NPLQCD",
      journal        = "Phys. Rev.",
      volume         = "D92",
      year           = "2015",
      number         = "11",
      pages          = "114502",
      doi            = "10.1103/PhysRevD.92.114502",
      eprint         = "1506.05518",
      archivePrefix  = "arXiv",
      primaryClass   = "hep-lat",
      reportNumber   = "INT-PUB-15-011, NT@UW-15-03, ICC@UB-15-016, MIT-CTP-4667,
                        JLAB-THY-15-2109",
      SLACcitation   = "%%CITATION = ARXIV:1506.05518;%%"
}

@article{Beane:2015yha,
      author         = "Beane, Silas R. and Chang, Emmanuel and Detmold, William
                        and Orginos, Kostas and Parreño, Assumpta and Savage,
                        Martin J. and Tiburzi, Brian C.",
      title          = "{Ab initio Calculation of the np?d? Radiative Capture
                        Process}",
      collaboration  = "NPLQCD",
      journal        = "Phys. Rev. Lett.",
      volume         = "115",
      year           = "2015",
      number         = "13",
      pages          = "132001",
      doi            = "10.1103/PhysRevLett.115.132001",
      eprint         = "1505.02422",
      archivePrefix  = "arXiv",
      primaryClass   = "hep-lat",
      reportNumber   = "INT-PUB-15-010, NT@UW-15-02, MIT-CTP-4666,
                        JLAB-THY-15-2045",
      SLACcitation   = "%%CITATION = ARXIV:1505.02422;%%"
}

@article{Beane:2014sda,
      author         = "Beane, S. R. and Chang, E. and Cohen, S. D. and Detmold,
                        W. and Lin, H. -W. and Orginos, K. and Parreño, A. and
                        Savage, M. J.",
      title          = "{Quarkonium-Nucleus Bound States from Lattice QCD}",
      journal        = "Phys. Rev.",
      volume         = "D91",
      year           = "2015",
      number         = "11",
      pages          = "114503",
      doi            = "10.1103/PhysRevD.91.114503",
      eprint         = "1410.7069",
      archivePrefix  = "arXiv",
      primaryClass   = "hep-lat",
      reportNumber   = "INT-PUB-14-049, NT@UW-14-23, MIT-CTP-4600,
                        JLAB-THY-14-1992",
      SLACcitation   = "%%CITATION = ARXIV:1410.7069;%%"
}

@article{Beane:2014ora,
      author         = "Beane, S. R. and Chang, E. and Cohen, S. and Detmold, W.
                        and Lin, H. W. and Orginos, K. and Parreno, A. and Savage,
                        M. J. and Tiburzi, B. C.",
      title          = "{Magnetic moments of light nuclei from lattice quantum
                        chromodynamics}",
      journal        = "Phys. Rev. Lett.",
      volume         = "113",
      year           = "2014",
      number         = "25",
      pages          = "252001",
      doi            = "10.1103/PhysRevLett.113.252001",
      eprint         = "1409.3556",
      archivePrefix  = "arXiv",
      primaryClass   = "hep-lat",
      reportNumber   = "NT@UW-14-19, INT-14-038, MIT-CTP-4586, RBRC-1090,
                        JLAB-THY-14-1951",
      SLACcitation   = "%%CITATION = ARXIV:1409.3556;%%"
}

@article{Beane:2013br,
      author         = "Beane, S. R. and others",
      title          = "{Nucleon-Nucleon Scattering Parameters in the Limit of
                        SU(3) Flavor Symmetry}",
      collaboration  = "NPLQCD",
      journal        = "Phys. Rev.",
      volume         = "C88",
      year           = "2013",
      number         = "2",
      pages          = "024003",
      doi            = "10.1103/PhysRevC.88.024003",
      eprint         = "1301.5790",
      archivePrefix  = "arXiv",
      primaryClass   = "hep-lat",
      reportNumber   = "MIT-CTP-4434, ICCUB-13-040, JLAB-THY-13-1689,
                        NT@UW-13-05, NT-LBNL-13-004, UCB-NPAT-13-004, UNH-13-2",
      SLACcitation   = "%%CITATION = ARXIV:1301.5790;%%"
}

@article{Beane:2007qr,
      author         = "Beane, Silas R. and Detmold, William and Savage, Martin
                        J.",
      title          = "{n-Boson Energies at Finite Volume and Three-Boson
                        Interactions}",
      journal        = "Phys.Rev.",
      volume         = "D76",
      pages          = "074507",
      doi            = "10.1103/PhysRevD.76.074507",
      year           = "2007",
      eprint         = "0707.1670",
      archivePrefix  = "arXiv",
      primaryClass   = "hep-lat",
      reportNumber   = "NT@UW-07-11, UNH-07-02",
      SLACcitation   = "%%CITATION = ARXIV:0707.1670;%%",
}

@article{Lang:2012sv,
      author         = "Lang, C. B. and Leskovec, Luka and Mohler, Daniel and
                        Prelovsek, Sasa",
      title          = "{K pi scattering for isospin 1/2 and 3/2 in lattice QCD}",
      journal        = "Phys. Rev.",
      volume         = "D86",
      year           = "2012",
      pages          = "054508",
      doi            = "10.1103/PhysRevD.86.054508",
      eprint         = "1207.3204",
      archivePrefix  = "arXiv",
      primaryClass   = "hep-lat",
      SLACcitation   = "%%CITATION = ARXIV:1207.3204;%%"
}

@article{Dudek:2012gj,
      author         = "Dudek, Jozef J. and Edwards, Robert G. and Thomas,
                        Christopher E.",
      title          = "{S and D-wave phase shifts in isospin-2 pi pi scattering
                        from lattice QCD}",
      journal        = "Phys.Rev.",
      volume         = "D86",
      pages          = "034031",
      doi            = "10.1103/PhysRevD.86.034031",
      year           = "2012",
      eprint         = "1203.6041",
      archivePrefix  = "arXiv",
      primaryClass   = "hep-ph",
      reportNumber   = "JLAB-THY-12-1504, TCDMATH-12-03",
      SLACcitation   = "%%CITATION = ARXIV:1203.6041;%%",
}

@article{Dudek:2012xn,
      author         = "Dudek, Jozef J. and Edwards, Robert G. and Thomas,
                        Christopher E.",
      title          = "{Energy dependence of the $\rho$ resonance in $\pi\pi$
                        elastic scattering from lattice QCD}",
      collaboration  = "Hadron Spectrum",
      journal        = "Phys.Rev.",
      number         = "3",
      volume         = "D87",
      pages          = "034505",
      doi            = "10.1103/PhysRevD.87.034505, 10.1103/PhysRevD.90.099902",
      year           = "2013",
      eprint         = "1212.0830",
      archivePrefix  = "arXiv",
      primaryClass   = "hep-ph",
      reportNumber   = "JLAB-THY-12-1666, TCDMATH-12-10",
      SLACcitation   = "%%CITATION = ARXIV:1212.0830;%%",
}

@article{Wilson:2015dqa,
      author         = "Wilson, David J. and Briceno, Raul A. and Dudek, Jozef J.
                        and Edwards, Robert G. and Thomas, Christopher E.",
      title          = "{Coupled $\pi\pi, K\overline{K}$ scattering in $P$-wave
                        and the $\rho$ resonance from lattice QCD}",
      year           = "2015",
      eprint         = "1507.02599",
      archivePrefix  = "arXiv",
      primaryClass   = "hep-ph",
      SLACcitation   = "%%CITATION = ARXIV:1507.02599;%%",
}

@article{Dudek:2014qha,
      author         = "Dudek, Jozef J. and Edwards, Robert G. and Thomas,
                        Christopher E. and Wilson, David J.",
      title          = "{Resonances in coupled $\pi K -\eta K$ scattering from
                        quantum chromodynamics}",
      collaboration  = "Hadron Spectrum",
      journal        = "Phys.Rev.Lett.",
      number         = "18",
      volume         = "113",
      pages          = "182001",
      doi            = "10.1103/PhysRevLett.113.182001",
      year           = "2014",
      eprint         = "1406.4158",
      archivePrefix  = "arXiv",
      primaryClass   = "hep-ph",
      reportNumber   = "JLAB-THY-14-1891, DAMTP-2014-36",
      SLACcitation   = "%%CITATION = ARXIV:1406.4158;%%",
}

@article{Aoki:2007rd,
      author         = "Aoki, S. and others",
      title          = "{Lattice QCD Calculation of the rho Meson Decay Width}",
      collaboration  = "CP-PACS",
      journal        = "Phys. Rev.",
      volume         = "D76",
      year           = "2007",
      pages          = "094506",
      doi            = "10.1103/PhysRevD.76.094506",
      eprint         = "0708.3705",
      archivePrefix  = "arXiv",
      primaryClass   = "hep-lat",
      SLACcitation   = "%%CITATION = ARXIV:0708.3705;%%"
}

@article{Aoki:2011yj,
      author         = "Aoki, S. and others",
      title          = "{$\rho$ Meson Decay in 2+1 Flavor Lattice QCD}",
      collaboration  = "CS",
      journal        = "Phys. Rev.",
      volume         = "D84",
      year           = "2011",
      pages          = "094505",
      doi            = "10.1103/PhysRevD.84.094505",
      eprint         = "1106.5365",
      archivePrefix  = "arXiv",
      primaryClass   = "hep-lat",
      SLACcitation   = "%%CITATION = ARXIV:1106.5365;%%"
}

@article{Bolton:2015psa,
      author         = "Bolton, Daniel R. and Briceno, Raul A. and Wilson, David
                        J.",
      title          = "{Connecting physical resonant amplitudes and lattice
                        QCD}",
      year           = "2015",
      eprint         = "1507.07928",
      archivePrefix  = "arXiv",
      primaryClass   = "hep-ph",
      reportNumber   = "JLAB-THY-15-2103, COLO-HEP-587",
      SLACcitation   = "%%CITATION = ARXIV:1507.07928;%%"
}

@article{Torres:2014vna,
      author         = "Martínez Torres, A. and Oset, E. and Prelovsek, S. and
                        Ramos, A.",
      title          = "{Reanalysis of lattice QCD spectra leading to the
                        $D_{s0}^*(2317)$ and $D_{s1}^*(2460)$}",
      journal        = "JHEP",
      volume         = "05",
      year           = "2015",
      pages          = "153",
      doi            = "10.1007/JHEP05(2015)153",
      eprint         = "1412.1706",
      archivePrefix  = "arXiv",
      primaryClass   = "hep-lat",
      SLACcitation   = "%%CITATION = ARXIV:1412.1706;%%"
}

@article{Feng:2010es,
      author         = "Feng, Xu and Jansen, Karl and Renner, Dru B.",
      title          = "{Resonance Parameters of the rho-Meson from Lattice QCD}",
      journal        = "Phys. Rev.",
      volume         = "D83",
      year           = "2011",
      pages          = "094505",
      doi            = "10.1103/PhysRevD.83.094505",
      eprint         = "1011.5288",
      archivePrefix  = "arXiv",
      primaryClass   = "hep-lat",
      reportNumber   = "DESY-10-176, SFB-CPP-10-117, MS-TP-10-14, KEK-CP-242,
                        JLAB-THY-10-1289, --JLAB-THY-10-1289",
      SLACcitation   = "%%CITATION = ARXIV:1011.5288;%%"
}

@article{Pelissier:2012pi,
      author         = "Pelissier, Craig and Alexandru, Andrei",
      title          = "{Resonance parameters of the rho-meson from asymmetrical
                        lattices}",
      journal        = "Phys. Rev.",
      volume         = "D87",
      year           = "2013",
      number         = "1",
      pages          = "014503",
      doi            = "10.1103/PhysRevD.87.014503",
      eprint         = "1211.0092",
      archivePrefix  = "arXiv",
      primaryClass   = "hep-lat",
      SLACcitation   = "%%CITATION = ARXIV:1211.0092;%%"
}

@article{Lang:2012db,
      author         = "Lang, C. B. and Verduci, V.",
      title          = "{Scattering in the ?N negative parity channel in lattice
                        QCD}",
      journal        = "Phys. Rev.",
      volume         = "D87",
      year           = "2013",
      number         = "5",
      pages          = "054502",
      doi            = "10.1103/PhysRevD.87.054502",
      eprint         = "1212.5055",
      archivePrefix  = "arXiv",
      SLACcitation   = "%%CITATION = ARXIV:1212.5055;%%"
}

@article{Verduci:2014csa,
      author         = "Verduci, Valentina and Lang, Christian B.",
      title          = "{Baryon resonances coupled to Pion-Nucleon states in
                        lattice QCD}",
      booktitle      = "{Proceedings, 32nd International Symposium on Lattice
                        Field Theory (Lattice 2014)}",
      journal        = "PoS",
      volume         = "LATTICE2014",
      year           = "2014",
      pages          = "121",
      eprint         = "1412.0701",
      archivePrefix  = "arXiv",
      primaryClass   = "hep-lat",
      SLACcitation   = "%%CITATION = ARXIV:1412.0701;%%"
}

@article{Prelovsek:2013ela,
      author         = "Prelovsek, Sasa and Leskovec, Luka and Lang, C. B. and
                        Mohler, Daniel",
      title          = "{K $\pi$ scattering and the K* decay width from lattice
                        QCD}",
      journal        = "Phys. Rev.",
      volume         = "D88",
      year           = "2013",
      number         = "5",
      pages          = "054508",
      doi            = "10.1103/PhysRevD.88.054508",
      eprint         = "1307.0736",
      archivePrefix  = "arXiv",
      primaryClass   = "hep-lat",
      reportNumber   = "FERMILAB-PUB-13-251-T",
      SLACcitation   = "%%CITATION = ARXIV:1307.0736;%%"
}

@article{Beane:2011sc,
      author         = "Beane, S. R. and Chang, E. and Detmold, W. and Lin, H. W.
                        and Luu, T. C. and Orginos, K. and Parreno, A. and Savage,
                        M. J. and Torok, A. and Walker-Loud, A.",
      title          = "{The I=2 pipi S-wave Scattering Phase Shift from Lattice
                        QCD}",
      collaboration  = "NPLQCD",
      journal        = "Phys. Rev.",
      volume         = "D85",
      year           = "2012",
      pages          = "034505",
      doi            = "10.1103/PhysRevD.85.034505",
      eprint         = "1107.5023",
      archivePrefix  = "arXiv",
      primaryClass   = "hep-lat",
      reportNumber   = "UNH-11-3, NT@UW-11-12, ICCUB-11-159, UCB-NPAT-11-008,
                        NT-LBNL-11-012, JLAB-THY-11-1381",
      SLACcitation   = "%%CITATION = ARXIV:1107.5023;%%"
}

@article{Wilson:2014cna,
      author         = "Wilson, David J. and Dudek, Jozef J. and Edwards, Robert
                        G. and Thomas, Christopher E.",
      title          = "{Resonances in coupled $\pi K, \eta K$ scattering from
                        lattice QCD}",
      year           = "2014",
      eprint         = "1411.2004",
      archivePrefix  = "arXiv",
      primaryClass   = "hep-ph",
      reportNumber   = "JLAB-THY-14-1982, DAMTP-2014-81",
      SLACcitation   = "%%CITATION = ARXIV:1411.2004;%%",
}

@article{Fukugita:1994ve,
      author         = "Fukugita, M. and Kuramashi, Y. and Okawa, M. and Mino, H.
                        and Ukawa, A.",
      title          = "{Hadron scattering lengths in lattice QCD}",
      journal        = "Phys. Rev.",
      volume         = "D52",
      year           = "1995",
      pages          = "3003-3023",
      doi            = "10.1103/PhysRevD.52.3003",
      eprint         = "hep-lat/9501024",
      archivePrefix  = "arXiv",
      primaryClass   = "hep-lat",
      reportNumber   = "KEK-CP-24, KEK-PREPRINT-94-174",
      SLACcitation   = "%%CITATION = HEP-LAT/9501024;%%"
}

@article{Meng:2003gm,
      author         = "Meng, Guang-wei and Miao, Chuan and Du, Xi-ning and Liu,
                        Chuan",
      title          = "{Lattice study on kaon nucleon scattering length in the I
                        = 1 channel}",
      journal        = "Int. J. Mod. Phys.",
      volume         = "A19",
      year           = "2004",
      pages          = "4401-4412",
      doi            = "10.1142/S0217751X04019627",
      eprint         = "hep-lat/0309048",
      archivePrefix  = "arXiv",
      primaryClass   = "hep-lat",
      SLACcitation   = "%%CITATION = HEP-LAT/0309048;%%"
}

@article{Torok:2009dg,
      author         = "Torok, Aaron and Beane, Silas R. and Detmold, William and
                        Luu, Thomas C. and Orginos, Kostas and others",
      title          = "{Meson-Baryon Scattering Lengths from Mixed-Action
                        Lattice QCD}",
      journal        = "Phys.Rev.",
      volume         = "D81",
      pages          = "074506",
      doi            = "10.1103/PhysRevD.81.074506",
      year           = "2010",
      eprint         = "0907.1913",
      archivePrefix  = "arXiv",
      primaryClass   = "hep-lat",
      reportNumber   = "UNH-09-03, JLAB-THY-09-1021, ICCUB-09-217,
                        ATHENA-PUB-09-017, NT-UW-09-16",
      SLACcitation   = "%%CITATION = ARXIV:0907.1913;%%",
}

@article{Lin:2008pr,
      author         = "Lin, Huey-Wen and others",
      title          = "{First results from 2+1 dynamical quark flavors on an
                        anisotropic lattice: Light-hadron spectroscopy and setting
                        the strange-quark mass}",
      collaboration  = "Hadron Spectrum Collaboration",
      journal        = "Phys.Rev.",
      volume         = "D79",
      pages          = "034502",
      doi            = "10.1103/PhysRevD.79.034502",
      year           = "2009",
      eprint         = "0810.3588",
      archivePrefix  = "arXiv",
      primaryClass   = "hep-lat",
      reportNumber   = "JLAB-THY-08-896, TCDMATH-08-13",
      SLACcitation   = "%%CITATION = ARXIV:0810.3588;%%",
}
@article{Chen:2000ej,
      author         = "Chen, Ping",
      title          = "{Heavy quarks on anisotropic lattices: The Charmonium
                        spectrum}",
      journal        = "Phys.Rev.",
      volume         = "D64",
      pages          = "034509",
      doi            = "10.1103/PhysRevD.64.034509",
      year           = "2001",
      eprint         = "hep-lat/0006019",
      archivePrefix  = "arXiv",
      primaryClass   = "hep-lat",
      reportNumber   = "CU-TP-978",
      SLACcitation   = "%%CITATION = HEP-LAT/0006019;%%",
}
@article{Symanzik:1983dc,
      author         = "Symanzik, K.",
      title          = "{Continuum Limit and Improved Action in Lattice Theories.
                        1. Principles and phi**4 Theory}",
      journal        = "Nucl.Phys.",
      volume         = "B226",
      pages          = "187",
      doi            = "10.1016/0550-3213(83)90468-6",
      year           = "1983",
      reportNumber   = "DESY 83/016",
      SLACcitation   = "%%CITATION = NUPHA,B226,187;%%",
}

@article{Symanzik:1983gh,
      author         = "Symanzik, K.",
      title          = "{Continuum Limit and Improved Action in Lattice Theories.
                        2. O(N) Nonlinear Sigma Model in Perturbation Theory}",
      journal        = "Nucl.Phys.",
      volume         = "B226",
      pages          = "205",
      doi            = "10.1016/0550-3213(83)90469-8",
      year           = "1983",
      reportNumber   = "DESY 83/026",
      SLACcitation   = "%%CITATION = NUPHA,B226,205;%%",
}

@article{Luscher:1984xn,
      author         = "L{\"u}scher, M. and Weisz, P.",
      title          = "{On-Shell Improved Lattice Gauge Theories}",
      journal        = "Commun.Math.Phys.",
      volume         = "97",
      pages          = "59",
      doi            = "10.1007/BF01206178",
      year           = "1985",
      reportNumber   = "DESY 84/030",
      SLACcitation   = "%%CITATION = CMPHA,97,59;%%",
}

@article{Lang:2011mn,
      author         = "Lang, C. B. and Mohler, Daniel and Prelovsek, Sasa and
                        Vidmar, Matija",
      title          = "{Coupled channel analysis of the rho meson decay in
                        lattice QCD}",
      journal        = "Phys. Rev.",
      volume         = "D84",
      year           = "2011",
      number         = "5",
      pages          = "054503",
      doi            = "10.1103/PhysRevD.89.059903, 10.1103/PhysRevD.84.054503",
      note           = "[Erratum: Phys. Rev.D89,no.5,059903(2014)]",
      eprint         = "1105.5636",
      archivePrefix  = "arXiv",
      primaryClass   = "hep-lat",
      SLACcitation   = "%%CITATION = ARXIV:1105.5636;%%"
}

@article{Lang:2015hza,
      author         = "Lang, C. B. and Mohler, Daniel and Prelovsek, Sasa and
                        Woloshyn, R. M.",
      title          = "{Predicting positive parity B$_s$ mesons from lattice
                        QCD}",
      journal        = "Phys. Lett.",
      volume         = "B750",
      year           = "2015",
      pages          = "17-21",
      doi            = "10.1016/j.physletb.2015.08.038",
      eprint         = "1501.01646",
      archivePrefix  = "arXiv",
      primaryClass   = "hep-lat",
      reportNumber   = "FERMILAB-PUB-15-002-T",
      SLACcitation   = "%%CITATION = ARXIV:1501.01646;%%"
}

@article{Lang:2014yfa,
      author         = "Lang, C. B. and Leskovec, Luka and Mohler, Daniel and
                        Prelovsek, Sasa and Woloshyn, R. M.",
      title          = "{Ds mesons with DK and D*K scattering near threshold}",
      journal        = "Phys. Rev.",
      volume         = "D90",
      year           = "2014",
      number         = "3",
      pages          = "034510",
      doi            = "10.1103/PhysRevD.90.034510",
      eprint         = "1403.8103",
      archivePrefix  = "arXiv",
      primaryClass   = "hep-lat",
      reportNumber   = "FERMILAB-PUB-14-063-T",
      SLACcitation   = "%%CITATION = ARXIV:1403.8103;%%"
}

@article{Beane:2006mx,
      author         = "Beane, S. R. and Bedaque, P. F. and Orginos, K. and
                        Savage, M. J.",
      title          = "{Nucleon-nucleon scattering from fully-dynamical lattice
                        QCD}",
      journal        = "Phys. Rev. Lett.",
      volume         = "97",
      year           = "2006",
      pages          = "012001",
      doi            = "10.1103/PhysRevLett.97.012001",
      eprint         = "hep-lat/0602010",
      archivePrefix  = "arXiv",
      primaryClass   = "hep-lat",
      reportNumber   = "JLAB-THY-06-462",
      SLACcitation   = "%%CITATION = HEP-LAT/0602010;%%"
}

@article{Briceno:2013bda,
      author         = "Briceño, Raul A. and Davoudi, Zohreh and Luu, Thomas and
                        Savage, Martin J.",
      title          = "{Two-nucleon systems in a finite volume. II.
                        $^3S_1-^3D_1$ coupled channels and the deuteron}",
      journal        = "Phys. Rev.",
      volume         = "D88",
      year           = "2013",
      number         = "11",
      pages          = "114507",
      doi            = "10.1103/PhysRevD.88.114507",
      eprint         = "1309.3556",
      archivePrefix  = "arXiv",
      primaryClass   = "hep-lat",
      reportNumber   = "INT-PUB-13-037, NT@UW-13-025, JLAB-THY-13-1824",
      SLACcitation   = "%%CITATION = ARXIV:1309.3556;%%"
}

@article{Briceno:2013lba,
      author         = "Briceno, Raul A. and Davoudi, Zohreh and Luu, Thomas C.",
      title          = "{Two-Nucleon Systems in a Finite Volume: (I) Quantization
                        Conditions}",
      journal        = "Phys. Rev.",
      volume         = "D88",
      year           = "2013",
      number         = "3",
      pages          = "034502",
      doi            = "10.1103/PhysRevD.88.034502",
      eprint         = "1305.4903",
      archivePrefix  = "arXiv",
      primaryClass   = "hep-lat",
      reportNumber   = "NT@UW-13-19",
      SLACcitation   = "%%CITATION = ARXIV:1305.4903;%%"
}

@article{Briceno:2012rv,
      author         = "Briceno, Raul A. and Davoudi, Zohreh",
      title          = "{Three-particle scattering amplitudes from a finite
                        volume formalism}",
      journal        = "Phys. Rev.",
      volume         = "D87",
      year           = "2013",
      number         = "9",
      pages          = "094507",
      doi            = "10.1103/PhysRevD.87.094507",
      eprint         = "1212.3398",
      archivePrefix  = "arXiv",
      primaryClass   = "hep-lat",
      reportNumber   = "NT@UW-12-18",
      SLACcitation   = "%%CITATION = ARXIV:1212.3398;%%"
}

@article{Briceno:2015dca,
      author         = "Briceno, Raul A. and Dudek, Jozef J. and Edwards, Robert
                        G. and Shultz, Christian J. and Thomas, Christopher E. and
                        Wilson, David J.",
      title          = "{The resonant $\pi^+\gamma\to\pi^+\pi^0$ amplitude from
                        Quantum Chromodynamics}",
      journal        = "Phys. Rev. Lett.",
      volume         = "115",
      year           = "2015",
      pages          = "242001",
      doi            = "10.1103/PhysRevLett.115.242001",
      eprint         = "1507.06622",
      archivePrefix  = "arXiv",
      primaryClass   = "hep-ph",
      reportNumber   = "JLAB-THY-15-2106, DAMTP-2015-40",
      SLACcitation   = "%%CITATION = ARXIV:1507.06622;%%"
}

@article{Briceno:2016kkp,
      author         = "Briceño, Raúl A. and Dudek, Jozef J. and Edwards,
                        Robert G. and Shultz, Christian J. and Thomas, Christopher
                        E. and Wilson, David J.",
      title          = "{The $\pi\pi\to\pi\gamma^\star$ amplitude and the
                        resonant $\rho\to\pi\gamma^\star$ transition from lattice
                        QCD}",
      year           = "2016",
      eprint         = "1604.03530",
      archivePrefix  = "arXiv",
      primaryClass   = "hep-ph",
      reportNumber   = "JLAB-THY-16-2237, DAMTP-2016-24",
      SLACcitation   = "%%CITATION = ARXIV:1604.03530;%%"
}

@article{Briceno:2014uqa,
      author         = "Briceño, Raúl A. and Hansen, Maxwell T. and
                        Walker-Loud, André",
      title          = "{Multichannel 1 $\rightarrow$ 2 transition amplitudes in
                        a finite volume}",
      journal        = "Phys. Rev.",
      volume         = "D91",
      year           = "2015",
      number         = "3",
      pages          = "034501",
      doi            = "10.1103/PhysRevD.91.034501",
      eprint         = "1406.5965",
      archivePrefix  = "arXiv",
      primaryClass   = "hep-lat",
      reportNumber   = "NT@WM-14-04, JLAB-THY-14-1909",
      SLACcitation   = "%%CITATION = ARXIV:1406.5965;%%"
}

@article{Hansen:2014eka,
      author         = "Hansen, Maxwell T. and Sharpe, Stephen R.",
      title          = "{Relativistic, model-independent, three-particle
                        quantization condition}",
      journal        = "Phys. Rev.",
      volume         = "D90",
      year           = "2014",
      number         = "11",
      pages          = "116003",
      doi            = "10.1103/PhysRevD.90.116003",
      eprint         = "1408.5933",
      archivePrefix  = "arXiv",
      primaryClass   = "hep-lat",
      SLACcitation   = "%%CITATION = ARXIV:1408.5933;%%"
}

@article{Briceno:2015axa,
      author         = "Briceño, Raúl A. and Hansen, Maxwell T. and
                        Walker-Loud, André",
      title          = "{Multichannel $1 \to 2$ transition amplitudes in a finite
                        volume}",
      booktitle      = "{Proceedings, 32nd International Symposium on Lattice
                        Field Theory (Lattice 2014)}",
      journal        = "PoS",
      volume         = "LATTICE2014",
      year           = "2015",
      pages          = "095",
      eprint         = "1502.00540",
      archivePrefix  = "arXiv",
      primaryClass   = "hep-lat",
      reportNumber   = "NT@WM-15-03, JLAB-THY-15-2006",
      SLACcitation   = "%%CITATION = ARXIV:1502.00540;%%"
}

@article{Briceno:2015csa,
      author         = "Briceño, Raúl A. and Hansen, Maxwell T.",
      title          = "{Multichannel 0 $\to$ 2 and 1 $\to$ 2 transition
                        amplitudes for arbitrary spin particles in a finite
                        volume}",
      journal        = "Phys. Rev.",
      volume         = "D92",
      year           = "2015",
      number         = "7",
      pages          = "074509",
      doi            = "10.1103/PhysRevD.92.074509",
      eprint         = "1502.04314",
      archivePrefix  = "arXiv",
      primaryClass   = "hep-lat",
      reportNumber   = "JLAB-THY-15-2009",
      SLACcitation   = "%%CITATION = ARXIV:1502.04314;%%"
}

@article{Hansen:2015zga,
      author         = "Hansen, Maxwell T. and Sharpe, Stephen R.",
      title          = "{Expressing the three-particle finite-volume spectrum in
                        terms of the three-to-three scattering amplitude}",
      journal        = "Phys. Rev.",
      volume         = "D92",
      year           = "2015",
      number         = "11",
      pages          = "114509",
      doi            = "10.1103/PhysRevD.92.114509",
      eprint         = "1504.04248",
      archivePrefix  = "arXiv",
      primaryClass   = "hep-lat",
      SLACcitation   = "%%CITATION = ARXIV:1504.04248;%%"
}

@article{Briceno:2015tza,
      author         = "Briceño, Raúl A. and Hansen, Maxwell T.",
      title          = "{Relativistic, model-independent, multichannel $2\to2$
                        transition amplitudes in a finite volume}",
      year           = "2015",
      eprint         = "1509.08507",
      archivePrefix  = "arXiv",
      primaryClass   = "hep-lat",
      reportNumber   = "JLAB-THY-15-2140",
      SLACcitation   = "%%CITATION = ARXIV:1509.08507;%%"
}

@article{Hansen:2016fzj,
      author         = "Hansen, Maxwell T. and Sharpe, Stephen R.",
      title          = "{Threshold expansion of the three-particle quantization
                        condition}",
      journal        = "Phys. Rev.",
      volume         = "D93",
      year           = "2016",
      number         = "9",
      pages          = "096006",
      doi            = "10.1103/PhysRevD.93.096006",
      eprint         = "1602.00324",
      archivePrefix  = "arXiv",
      primaryClass   = "hep-lat",
      SLACcitation   = "%%CITATION = ARXIV:1602.00324;%%"
}

@article{Beane:2012vq,
      author         = "Beane, S. R. and Chang, E. and Cohen, S. D. and Detmold,
                        William and Lin, H. W. and Luu, T. C. and Orginos, K. and
                        Parreno, A. and Savage, M. J. and Walker-Loud, A.",
      title          = "{Light Nuclei and Hypernuclei from Quantum Chromodynamics
                        in the Limit of SU(3) Flavor Symmetry}",
      collaboration  = "NPLQCD",
      journal        = "Phys. Rev.",
      volume         = "D87",
      year           = "2013",
      number         = "3",
      pages          = "034506",
      doi            = "10.1103/PhysRevD.87.034506",
      eprint         = "1206.5219",
      archivePrefix  = "arXiv",
      primaryClass   = "hep-lat",
      reportNumber   = "ICCUB-12-309, JLAB-THY-12-1581, NT-UW-12-09,
                        NT-LBNL-12-012, UCB-NPAT-12-011, UNH-12-04",
      SLACcitation   = "%%CITATION = ARXIV:1206.5219;%%"
}

@article{Beane:2011iw,
      author         = "Beane, S. R. and Chang, E. and Detmold, W. and Lin, H. W.
                        and Luu, T. C. and Orginos, K. and Parreno, A. and Savage,
                        M. J. and Torok, A. and Walker-Loud, A.",
      title          = "{The Deuteron and Exotic Two-Body Bound States from
                        Lattice QCD}",
      collaboration  = "NPLQCD",
      journal        = "Phys. Rev.",
      volume         = "D85",
      year           = "2012",
      pages          = "054511",
      doi            = "10.1103/PhysRevD.85.054511",
      eprint         = "1109.2889",
      archivePrefix  = "arXiv",
      primaryClass   = "hep-lat",
      reportNumber   = "ICCUB-11-165, NT@UW-11-21, NT-LBNL-11-017,
                        UCB-NPAT-11-012, UNH-11-5, UCB-NPAT-11-012-, --UNH-11-5,
                        JLAB-THY-11-1436",
      SLACcitation   = "%%CITATION = ARXIV:1109.2889;%%"
}

@article{Briceno:2014oea,
      author         = "Briceno, Raul A.",
      title          = "{Two-particle multichannel systems in a finite volume
                        with arbitrary spin}",
      journal        = "Phys. Rev.",
      volume         = "D89",
      year           = "2014",
      number         = "7",
      pages          = "074507",
      doi            = "10.1103/PhysRevD.89.074507",
      eprint         = "1401.3312",
      archivePrefix  = "arXiv",
      primaryClass   = "hep-lat",
      reportNumber   = "JLAB-THY-14-1833",
      SLACcitation   = "%%CITATION = ARXIV:1401.3312;%%"
}

@article{Beane:2006gf,
      author         = "Beane, Silas R. and Bedaque, Paulo F. and Luu, Thomas C.
                        and Orginos, Kostas and Pallante, Elisabetta and Parreno,
                        Assumpta and Savage, Martin J.",
      title          = "{Hyperon-Nucleon Scattering from Fully-Dynamical Lattice
                        QCD}",
      collaboration  = "NPLQCD",
      journal        = "Nucl. Phys.",
      volume         = "A794",
      year           = "2007",
      pages          = "62-72",
      doi            = "10.1016/j.nuclphysa.2007.07.006",
      eprint         = "hep-lat/0612026",
      archivePrefix  = "arXiv",
      primaryClass   = "hep-lat",
      reportNumber   = "UNH-06-07, UCRL-JRNL-226919, UMD-40762-364,
                        JLAB-THY-06-600, NT-UW-06-031, UG-06-10",
      SLACcitation   = "%%CITATION = HEP-LAT/0612026;%%"
}

@article{Beane:2009py,
      author         = "Beane, Silas R. and Detmold, William and Lin, Huey-Wen
                        and Luu, Thomas C. and Orginos, Kostas and Savage, Martin
                        J. and Torok, Aaron and Walker-Loud, Andre",
      title          = "{High Statistics Analysis using Anisotropic Clover
                        Lattices: (III) Baryon-Baryon Interactions}",
      collaboration  = "NPLQCD",
      journal        = "Phys. Rev.",
      volume         = "D81",
      year           = "2010",
      pages          = "054505",
      doi            = "10.1103/PhysRevD.81.054505",
      eprint         = "0912.4243",
      archivePrefix  = "arXiv",
      primaryClass   = "hep-lat",
      reportNumber   = "UNH-09-06, JLAB-THY-09-1116, NT@UW-09-26, IUHET-539,
                        ATHENA-PUB-09-019",
      SLACcitation   = "%%CITATION = ARXIV:0912.4243;%%"
}

@article{Beane:2009gs,
      author         = "Beane, Silas R. and Detmold, William and Luu, Thomas C
                        and Orginos, Kostas and Parreno, Assumpta and Savage,
                        Martin J. and Torok, Aaron and Walker-Loud, Andre",
      title          = "{High Statistics Analysis using Anisotropic Clover
                        Lattices. II. Three-Baryon Systems}",
      journal        = "Phys. Rev.",
      volume         = "D80",
      year           = "2009",
      pages          = "074501",
      doi            = "10.1103/PhysRevD.80.074501",
      eprint         = "0905.0466",
      archivePrefix  = "arXiv",
      primaryClass   = "hep-lat",
      reportNumber   = "UNH-09-02, JLAB-THY-09-984, NT-UW-09-09,
                        ATHENA-PUB-09-016",
      SLACcitation   = "%%CITATION = ARXIV:0905.0466;%%"
}

@inproceedings{Yamazaki:2015vjn,
      author         = "Yamazaki, Takeshi",
      title          = "{Light Nuclei and Nucleon Form Factors in $N_f=2+1$
                        Lattice QCD}",
      booktitle      = "{Proceedings, 33rd International Symposium on Lattice
                        Field Theory (Lattice 2015)}",
      collaboration  = "PACS",
      url            = "http://inspirehep.net/record/1407162/files/arXiv:1511.09179.pdf",
      year           = "2015",
      eprint         = "1511.09179",
      archivePrefix  = "arXiv",
      primaryClass   = "hep-lat",
      SLACcitation   = "%%CITATION = ARXIV:1511.09179;%%"
}

@article{Yamazaki:2015asa,
      author         = "Yamazaki, Takeshi and Ishikawa, Ken-ichi and Kuramashi,
                        Yoshinobu and Ukawa, Akira",
      title          = "{Study of quark mass dependence of binding energy for
                        light nuclei in 2+1 flavor lattice QCD}",
      journal        = "Phys. Rev.",
      volume         = "D92",
      year           = "2015",
      number         = "1",
      pages          = "014501",
      doi            = "10.1103/PhysRevD.92.014501",
      eprint         = "1502.04182",
      archivePrefix  = "arXiv",
      primaryClass   = "hep-lat",
      reportNumber   = "UTCCS-P-79, UTHEP-668",
      SLACcitation   = "%%CITATION = ARXIV:1502.04182;%%"
}

@article{Yamazaki:2013rna,
      author         = "Yamazaki, Takeshi and Ishikawa, Ken-Ichi and Kuramashi,
                        Yoshinobu and Ukawa, Akira",
      title          = "{Multi-nucleon bound states in $N_f=2+1$ lattice QCD}",
      booktitle      = "{Proceedings, 31st International Symposium on Lattice
                        Field Theory (Lattice 2013)}",
      journal        = "PoS",
      volume         = "LATTICE2013",
      year           = "2014",
      pages          = "230",
      eprint         = "1310.5797",
      archivePrefix  = "arXiv",
      primaryClass   = "hep-lat",
      SLACcitation   = "%%CITATION = ARXIV:1310.5797;%%"
}

@article{Yamazaki:2012fn,
      author         = "Yamazaki, Takeshi and Ishikawa, Ken-ichi and Kuramashi,
                        Yoshinobu and Ukawa, Akira",
      title          = "{Bound states of multi-nucleon channels in N_f=2+1
                        lattice QCD}",
      booktitle      = "{Proceedings, 30th International Symposium on Lattice
                        Field Theory (Lattice 2012)}",
      journal        = "PoS",
      volume         = "LATTICE2012",
      year           = "2012",
      pages          = "143",
      eprint         = "1211.4334",
      archivePrefix  = "arXiv",
      primaryClass   = "hep-lat",
      SLACcitation   = "%%CITATION = ARXIV:1211.4334;%%"
}

@article{Yamazaki:2012hi,
      author         = "Yamazaki, Takeshi and Ishikawa, Ken-ichi and Kuramashi,
                        Yoshinobu and Ukawa, Akira",
      title          = "{Helium nuclei, deuteron and dineutron in 2+1 flavor
                        lattice QCD}",
      journal        = "Phys. Rev.",
      volume         = "D86",
      year           = "2012",
      pages          = "074514",
      doi            = "10.1103/PhysRevD.86.074514",
      eprint         = "1207.4277",
      archivePrefix  = "arXiv",
      primaryClass   = "hep-lat",
      reportNumber   = "UTCCS-P-67, UTHEP-642",
      SLACcitation   = "%%CITATION = ARXIV:1207.4277;%%"
}

@inproceedings{Doi:2015uvd,
      author         = "Doi, Takumi and others",
      title          = "{Towards Lattice QCD Baryon Forces at the Physical Point:
                        First Results}",
      booktitle      = "{12th International Conference on Hypernuclear and
                        Strange Particle Physics (HYP 2015) Sendai, Japan,
                        September 7-12, 2015}",
      url            = "http://inspirehep.net/record/1409502/files/arXiv:1512.04199.pdf",
      year           = "2015",
      eprint         = "1512.04199",
      archivePrefix  = "arXiv",
      primaryClass   = "hep-lat",
      reportNumber   = "RIKEN-QHP-209, YITP-15-116",
      SLACcitation   = "%%CITATION = ARXIV:1512.04199;%%"
}

@inproceedings{Doi:2015oha,
      author         = "Doi, Takumi and others",
      title          = "{First results of baryon interactions from lattice QCD
                        with physical masses (1) -- General overview and
                        two-nucleon forces --}",
      booktitle      = "{Proceedings, 33rd International Symposium on Lattice
                        Field Theory (Lattice 2015)}",
      url            = "http://inspirehep.net/record/1408519/files/arXiv:1512.01610.pdf",
      year           = "2015",
      eprint         = "1512.01610",
      archivePrefix  = "arXiv",
      primaryClass   = "hep-lat",
      reportNumber   = "RIKEN-QHP-208, YITP-15-110",
      SLACcitation   = "%%CITATION = ARXIV:1512.01610;%%"
}

@article{Ishii:2006ec,
      author         = "Ishii, N. and Aoki, S. and Hatsuda, T.",
      title          = "{The Nuclear Force from Lattice QCD}",
      journal        = "Phys. Rev. Lett.",
      volume         = "99",
      year           = "2007",
      pages          = "022001",
      doi            = "10.1103/PhysRevLett.99.022001",
      eprint         = "nucl-th/0611096",
      archivePrefix  = "arXiv",
      primaryClass   = "nucl-th",
      reportNumber   = "UTCCS-P-30, TKYNT-06-19, UTHEP-534",
      SLACcitation   = "%%CITATION = NUCL-TH/0611096;%%"
}

@article{Murano:2013xxa,
      author         = "Murano, K. and Ishii, N. and Aoki, S. and Doi, T. and
                        Hatsuda, T. and Ikeda, Y. and Inoue, T. and Nemura, H. and
                        Sasaki, K.",
      title          = "{Spin?orbit force from lattice QCD}",
      collaboration  = "HAL QCD",
      journal        = "Phys. Lett.",
      volume         = "B735",
      year           = "2014",
      pages          = "19-24",
      doi            = "10.1016/j.physletb.2014.05.061",
      eprint         = "1305.2293",
      archivePrefix  = "arXiv",
      primaryClass   = "hep-lat",
      reportNumber   = "YITP-13-28-, RIKEN-QHP-86, UTCCS-P-72",
      SLACcitation   = "%%CITATION = ARXIV:1305.2293;%%"
}

@article{Aoki:2014mia,
      author         = "Aoki, Sinya",
      title          = "{Lattice Studies for hadron spectroscopy and
                        interactions}",
      booktitle      = "{Proceedings, 15th International Conference on Hadron
                        Spectroscopy (Hadron 2013)}",
      journal        = "PoS",
      volume         = "Hadron2013",
      year           = "2013",
      pages          = "020",
      eprint         = "1402.3059",
      archivePrefix  = "arXiv",
      primaryClass   = "hep-lat",
      reportNumber   = "YITP-14-13",
      SLACcitation   = "%%CITATION = ARXIV:1402.3059;%%"
}

@article{Murano:2013gta,
      author         = "Murano, Keiko",
      title          = "{Nuclear Forces in the Odd Parity Sector and the LS
                        Forces from Lattice QCD}",
      booktitle      = "{Proceedings, 20th International IUPAP Conference on
                        Few-Body Problems in Physics (FB20)}",
      collaboration  = "HAL QCD",
      journal        = "Few Body Syst.",
      volume         = "54",
      year           = "2013",
      pages          = "1105-1108",
      doi            = "10.1007/s00601-013-0692-3",
      SLACcitation   = "%%CITATION = FBSYE,54,1105;%%"
}

@article{HALQCD:2012aa,
      author         = "Ishii, Noriyoshi and Aoki, Sinya and Doi, Takumi and
                        Hatsuda, Tetsuo and Ikeda, Yoichi and Inoue, Takashi and
                        Murano, Keiko and Nemura, Hidekatsu and Sasaki, Kenji",
      title          = "{Hadron?hadron interactions from imaginary-time
                        Nambu?Bethe?Salpeter wave function on the lattice}",
      collaboration  = "HAL QCD",
      journal        = "Phys. Lett.",
      volume         = "B712",
      year           = "2012",
      pages          = "437-441",
      doi            = "10.1016/j.physletb.2012.04.076",
      eprint         = "1203.3642",
      archivePrefix  = "arXiv",
      primaryClass   = "hep-lat",
      SLACcitation   = "%%CITATION = ARXIV:1203.3642;%%"
}

@article{Doi:2011gq,
      author         = "Doi, Takumi and Aoki, Sinya and Hatsuda, Tetsuo and
                        Ikeda, Yoichi and Inoue, Takashi and Ishii, Noriyoshi and
                        Murano, Keiko and Nemura, Hidekatsu and Sasaki, Kenji",
      title          = "{Exploring Three-Nucleon Forces in Lattice QCD}",
      collaboration  = "HAL QCD",
      journal        = "Prog. Theor. Phys.",
      volume         = "127",
      year           = "2012",
      pages          = "723-738",
      doi            = "10.1143/PTP.127.723",
      eprint         = "1106.2276",
      archivePrefix  = "arXiv",
      primaryClass   = "hep-lat",
      reportNumber   = "UTHEP-630",
      SLACcitation   = "%%CITATION = ARXIV:1106.2276;%%"
}

@article{Inoue:2010hs,
      author         = "Inoue, Takashi and Ishii, Noriyoshi and Aoki, Sinya and
                        Doi, Takumi and Hatsuda, Tetsuo and Ikeda, Yoichi and
                        Murano, Keiko and Nemura, Hidekatsu and Sasaki, Kenji",
      title          = "{Baryon-Baryon Interactions in the Flavor SU(3) Limit
                        from Full QCD Simulations on the Lattice}",
      collaboration  = "HAL QCD",
      journal        = "Prog. Theor. Phys.",
      volume         = "124",
      year           = "2010",
      pages          = "591-603",
      doi            = "10.1143/PTP.124.591",
      eprint         = "1007.3559",
      archivePrefix  = "arXiv",
      primaryClass   = "hep-lat",
      reportNumber   = "UTHEP-610",
      SLACcitation   = "%%CITATION = ARXIV:1007.3559;%%"
}

%%%%%%%%%%%%%%%%%%%%%%%%%%%%%%

@article{Lee:2008fa,
      author         = "Lee, Dean",
      title          = "{Lattice simulations for few- and many-body systems}",
      journal        = "Prog. Part. Nucl. Phys.",
      volume         = "63",
      year           = "2009",
      pages          = "117-154",
      doi            = "10.1016/j.ppnp.2008.12.001",
      eprint         = "0804.3501",
      archivePrefix  = "arXiv",
      primaryClass   = "nucl-th",
      SLACcitation   = "%%CITATION = ARXIV:0804.3501;%%"
}

@article{Braaten:2004rn,
      author         = "Braaten, Eric and Hammer, H. -W.",
      title          = "{Universality in few-body systems with large scattering
                        length}",
      journal        = "Phys. Rept.",
      volume         = "428",
      year           = "2006",
      pages          = "259-390",
      doi            = "10.1016/j.physrep.2006.03.001",
      eprint         = "cond-mat/0410417",
      archivePrefix  = "arXiv",
      primaryClass   = "cond-mat",
      reportNumber   = "INT-PUB-04-27",
      SLACcitation   = "%%CITATION = COND-MAT/0410417;%%"
}

@article{Borasoy:2006qn,
      author         = "Borasoy, Bugra and Epelbaum, Evgeny and Krebs, Hermann
                        and Lee, Dean and Meissner, Ulf-G.",
      title          = "{Lattice Simulations for Light Nuclei: Chiral Effective
                        Field Theory at Leading Order}",
      journal        = "Eur. Phys. J.",
      volume         = "A31",
      year           = "2007",
      pages          = "105-123",
      doi            = "10.1140/epja/i2006-10154-1",
      eprint         = "nucl-th/0611087",
      archivePrefix  = "arXiv",
      primaryClass   = "nucl-th",
      SLACcitation   = "%%CITATION = NUCL-TH/0611087;%%"
}

@article{PhysRev.98.145,
  title = {Lower Limit for the Energy Derivative of the Scattering Phase Shift},
  author = {Wigner, Eugene P.},
  journal = {Phys. Rev.},
  volume = {98},
  issue = {1},
  pages = {145--147},
  numpages = {0},
  year = {1955},
  month = {Apr},
  publisher = {American Physical Society},
  doi = {10.1103/PhysRev.98.145},
  url = {http://link.aps.org/doi/10.1103/PhysRev.98.145}
}

@article{Phillips:1997xu,
      author         = "Phillips, Daniel R. and Beane, Silas R. and Cohen, Thomas
                        D.",
      title          = "{Nonperturbative regularization and renormalization:
                        Simple examples from nonrelativistic quantum mechanics}",
      journal        = "Annals Phys.",
      volume         = "263",
      year           = "1998",
      pages          = "255-275",
      doi            = "10.1006/aphy.1997.5771",
      eprint         = "hep-th/9706070",
      archivePrefix  = "arXiv",
      primaryClass   = "hep-th",
      reportNumber   = "UMD-PP-97-119, DOE-ER-40762-121",
      SLACcitation   = "%%CITATION = HEP-TH/9706070;%%"
}

@article{Cohen:1996my,
      author         = "Cohen, Thomas D.",
      title          = "{Regularization, renormalization and range: The
                        Nucleon-nucleon interaction from effective field theory}",
      journal        = "Phys. Rev.",
      volume         = "C55",
      year           = "1997",
      pages          = "67-72",
      doi            = "10.1103/PhysRevC.55.67",
      eprint         = "nucl-th/9606044",
      archivePrefix  = "arXiv",
      primaryClass   = "nucl-th",
      reportNumber   = "DOE-ER-40762-087, UMD-PP-96-112",
      SLACcitation   = "%%CITATION = NUCL-TH/9606044;%%"
}

@article{Phillips:1996ae,
      author         = "Phillips, Daniel R. and Cohen, Thomas D.",
      title          = "{How short is too short? Constraining contact
                        interactions in nucleon-nucleon scattering}",
      journal        = "Phys. Lett.",
      volume         = "B390",
      year           = "1997",
      pages          = "7-12",
      doi            = "10.1016/S0370-2693(96)01411-6",
      eprint         = "nucl-th/9607048",
      archivePrefix  = "arXiv",
      primaryClass   = "nucl-th",
      reportNumber   = "DOE-ER-40762-092, UMD-PP-97-008",
      SLACcitation   = "%%CITATION = NUCL-TH/9607048;%%"
}

@article{Lahde:2013uqa,
      author         = "Lahde, Timo A. and Epelbaum, Evgeny and Krebs, Hermann
                        and Lee, Dean and Meißner, Ulf-G. and Rupak, Gautam",
      title          = "{Lattice Effective Field Theory for Medium-Mass Nuclei}",
      journal        = "Phys. Lett.",
      volume         = "B732",
      year           = "2014",
      pages          = "110-115",
      doi            = "10.1016/j.physletb.2014.03.023",
      eprint         = "1311.0477",
      archivePrefix  = "arXiv",
      primaryClass   = "nucl-th",
      SLACcitation   = "%%CITATION = ARXIV:1311.0477;%%"
}

@article{Kaplan:1996xu,
      author         = "Kaplan, David B. and Savage, Martin J. and Wise, Mark B.",
      title          = "{Nucleon - nucleon scattering from effective field
                        theory}",
      journal        = "Nucl. Phys.",
      volume         = "B478",
      year           = "1996",
      pages          = "629-659",
      doi            = "10.1016/0550-3213(96)00357-4",
      eprint         = "nucl-th/9605002",
      archivePrefix  = "arXiv",
      primaryClass   = "nucl-th",
      reportNumber   = "DOE-ER-40561-257, INT-96-00-125, UW-PT-96-06,
                        CMU-HEP-96-06, DOE-ER-40862-117, CALT-68-2047",
      SLACcitation   = "%%CITATION = NUCL-TH/9605002;%%"
}

@article{Kaplan:1998tg,
      author         = "Kaplan, David B. and Savage, Martin J. and Wise, Mark B.",
      title          = "{A New expansion for nucleon-nucleon interactions}",
      journal        = "Phys. Lett.",
      volume         = "B424",
      year           = "1998",
      pages          = "390-396",
      doi            = "10.1016/S0370-2693(98)00210-X",
      eprint         = "nucl-th/9801034",
      archivePrefix  = "arXiv",
      primaryClass   = "nucl-th",
      reportNumber   = "DOE-ER-40561-352, INT-97-00-189, NT-UW-98-05,
                        CALT-68-2155",
      SLACcitation   = "%%CITATION = NUCL-TH/9801034;%%"
}

@article{Kaplan:1998we,
      author         = "Kaplan, David B. and Savage, Martin J. and Wise, Mark B.",
      title          = "{Two nucleon systems from effective field theory}",
      journal        = "Nucl. Phys.",
      volume         = "B534",
      year           = "1998",
      pages          = "329-355",
      doi            = "10.1016/S0550-3213(98)00440-4",
      eprint         = "nucl-th/9802075",
      archivePrefix  = "arXiv",
      primaryClass   = "nucl-th",
      reportNumber   = "DOE-ER-40561-357, INT-98-00-5, NT-UW-98-08, CALT-68-2161",
      SLACcitation   = "%%CITATION = NUCL-TH/9802075;%%"
}

@article{Bedaque:1998kg,
      author         = "Bedaque, Paulo F. and Hammer, H. W. and van Kolck, U.",
      title          = "{Renormalization of the three-body system with short
                        range interactions}",
      journal        = "Phys. Rev. Lett.",
      volume         = "82",
      year           = "1999",
      pages          = "463-467",
      doi            = "10.1103/PhysRevLett.82.463",
      eprint         = "nucl-th/9809025",
      archivePrefix  = "arXiv",
      primaryClass   = "nucl-th",
      reportNumber   = "DOE-ER-40561-28, TRI-PP-98-17, KRL-MAP-235, NT-UW-98-24",
      SLACcitation   = "%%CITATION = NUCL-TH/9809025;%%"
}

@article{Bedaque:1998km,
      author         = "Bedaque, Paulo F. and Hammer, H. W. and van Kolck, U.",
      title          = "{The Three boson system with short range interactions}",
      journal        = "Nucl. Phys.",
      volume         = "A646",
      year           = "1999",
      pages          = "444-466",
      doi            = "10.1016/S0375-9474(98)00650-2",
      eprint         = "nucl-th/9811046",
      archivePrefix  = "arXiv",
      primaryClass   = "nucl-th",
      reportNumber   = "DOE-ER-40561-31, TRI-PP-98-27, KRL-MAP-238, NT-UW-99-4",
      SLACcitation   = "%%CITATION = NUCL-TH/9811046;%%"
}

@article{Fleming:1999ee,
      author         = "Fleming, Sean and Mehen, Thomas and Stewart, Iain W.",
      title          = "{NNLO corrections to nucleon-nucleon scattering and
                        perturbative pions}",
      journal        = "Nucl. Phys.",
      volume         = "A677",
      year           = "2000",
      pages          = "313-366",
      doi            = "10.1016/S0375-9474(00)00221-9",
      eprint         = "nucl-th/9911001",
      archivePrefix  = "arXiv",
      primaryClass   = "nucl-th",
      reportNumber   = "UCSD-PTH-99-13, CALT-68-2243, UTPT-99-16",
      SLACcitation   = "%%CITATION = NUCL-TH/9911001;%%"
}

@article{Epelbaum:2008ga,
      author         = "Epelbaum, Evgeny and Hammer, Hans-Werner and Meissner,
                        Ulf-G.",
      title          = "{Modern Theory of Nuclear Forces}",
      journal        = "Rev. Mod. Phys.",
      volume         = "81",
      year           = "2009",
      pages          = "1773-1825",
      doi            = "10.1103/RevModPhys.81.1773",
      eprint         = "0811.1338",
      archivePrefix  = "arXiv",
      primaryClass   = "nucl-th",
      reportNumber   = "HISKP-TH-08-18, FZJ-IKP-TH-2008-20",
      SLACcitation   = "%%CITATION = ARXIV:0811.1338;%%"
}

@article{Machleidt:2011zz,
      author         = "Machleidt, R. and Entem, D. R.",
      title          = "{Chiral effective field theory and nuclear forces}",
      journal        = "Phys. Rept.",
      volume         = "503",
      year           = "2011",
      pages          = "1-75",
      doi            = "10.1016/j.physrep.2011.02.001",
      eprint         = "1105.2919",
      archivePrefix  = "arXiv",
      primaryClass   = "nucl-th",
      SLACcitation   = "%%CITATION = ARXIV:1105.2919;%%"
}

@inproceedings{Epelbaum:2010nr,
      author         = "Epelbaum, Evgeny",
      title          = "{Nuclear Forces from Chiral Effective Field Theory: A
                        Primer}",
      url            = "http://inspirehep.net/record/843247/files/arXiv:1001.3229.pdf",
      year           = "2010",
      eprint         = "1001.3229",
      archivePrefix  = "arXiv",
      primaryClass   = "nucl-th",
      reportNumber   = "FZJ-IKP-TH-2010-2, HISKP-TH-10-4",
      SLACcitation   = "%%CITATION = ARXIV:1001.3229;%%"
}

@article{Lahde:2013kma,
      author         = "Lahde, Timo A. and Epelbaum, Evgeny and Krebs, Hermann
                        and Lee, Dean and Meißner, Ulf-G. and Rupak, Gautam",
      title          = "{Lattice effective field theory for nuclei from A = 4 to
                        A = 28}",
      booktitle      = "{Proceedings, 31st International Symposium on Lattice
                        Field Theory (Lattice 2013)}",
      year           = "2013",
      note           = "[PoSLATTICE2013,231(2014)]",
      eprint         = "1311.1968",
      archivePrefix  = "arXiv",
      primaryClass   = "nucl-th",
      SLACcitation   = "%%CITATION = ARXIV:1311.1968;%%"
}

@article{Epelbaum:2013paa,
      author         = "Epelbaum, Evgeny and Krebs, Hermann and Lahde, Timo A.
                        and Lee, Dean and Meißner, Ulf-G. and Rupak, Gautam",
      title          = "{Ab Initio Calculation of the Spectrum and Structure of
                        $^{16}$O}",
      journal        = "Phys. Rev. Lett.",
      volume         = "112",
      year           = "2014",
      number         = "10",
      pages          = "102501",
      doi            = "10.1103/PhysRevLett.112.102501",
      eprint         = "1312.7703",
      archivePrefix  = "arXiv",
      primaryClass   = "nucl-th",
      SLACcitation   = "%%CITATION = ARXIV:1312.7703;%%"
}

@article{Epelbaum:2009pd,
      author         = "Epelbaum, Evgeny and Krebs, Hermann and Lee, Dean and
                        Meissner, Ulf-G.",
      title          = "{Lattice effective field theory calculations for A =
                        3,4,6,12 nuclei}",
      journal        = "Phys. Rev. Lett.",
      volume         = "104",
      year           = "2010",
      pages          = "142501",
      doi            = "10.1103/PhysRevLett.104.142501",
      eprint         = "0912.4195",
      archivePrefix  = "arXiv",
      primaryClass   = "nucl-th",
      SLACcitation   = "%%CITATION = ARXIV:0912.4195;%%"
}

@article{Epelbaum:2010xt,
      author         = "Epelbaum, Evgeny and Krebs, Hermann and Lee, Dean and
                        Meissner, Ulf-G.",
      title          = "{Lattice calculations for A=3,4,6,12 nuclei using chiral
                        effective field theory}",
      journal        = "Eur. Phys. J.",
      volume         = "A45",
      year           = "2010",
      pages          = "335-352",
      doi            = "10.1140/epja/i2010-11009-x",
      eprint         = "1003.5697",
      archivePrefix  = "arXiv",
      primaryClass   = "nucl-th",
      SLACcitation   = "%%CITATION = ARXIV:1003.5697;%%"
}

@article{Epelbaum:2011md,
      author         = "Epelbaum, Evgeny and Krebs, Hermann and Lee, Dean and
                        Meissner, Ulf-G.",
      title          = "{Ab initio calculation of the Hoyle state}",
      journal        = "Phys. Rev. Lett.",
      volume         = "106",
      year           = "2011",
      pages          = "192501",
      doi            = "10.1103/PhysRevLett.106.192501",
      eprint         = "1101.2547",
      archivePrefix  = "arXiv",
      primaryClass   = "nucl-th",
      SLACcitation   = "%%CITATION = ARXIV:1101.2547;%%"
}

@book{Leggett,
	Address = {Berlin},
	Author = {A. J. Leggett},
	Publisher = {Springer-Verlag},
	Title = {{Modern Trends in the Theory of Condensed Matter, edited by A.~Pekalski and J.~Przystawa}},
	Year = 1980}

@book{NegeleOrlandBook,
	Address = {Redwood City, CA},
	Author = {J. W. Negele and H. Orland},
	Publisher = {Addison-Wesley},
	Title = {Quantum Many-Particle Systems},
	Year = 1988}

@article{Nozieres,
	Author = {P. Nozi\`eres and S. Schmitt-Rink},
	Journal = {J. Low Temp. Phys.},
	Pages = 195,
	Title = {{Bose condensation in an attractive fermion gas: from weak to strong coupling superconductivity}},
	Volume = 59,
	Year = 1985}

@book{Randeria,
	Address = {Cambridge, England},
	Author = {M. Randeria},
	Publisher = {Cambridge University Press},
	Title = {Bose-Einstein Condensation, edited by A. Griffin et al.},
	Year = 1995}

@article{Randeria2,
	Author = {{C.A.R. S\'a de Melo and M. Randeria and J.R. Engelbrecht}},
	Journal = {Phys. Rev. Lett.},
	Pages = 3202,
	Title = {{Crossover from BCS to Bose Superconductivity: Transition Temperature and Time-Dependent Ginzburg-Landau Theory}},
	Volume = 71,
	Year = 1993}

@article{Universality1,
	Author = {T. L. Ho},
	Journal = {Phys. Rev. Lett.},
	Pages = 090402,
	Title = {Universal thermodynamics of degenerate quantum gases in the unitarity limit},
	Volume = 92,
	Year = 2004}

@book{UniversalityBook,
	Address = {Berlin},
	Author = {F. Werner and Y. Castin},
	Journal = {Lecture Notes in Physics},
	Publisher = {Springer-Verlag},
	Title = "The BCS-BEC crossover and the Unitary Fermi Gas",
	Year = 2011}

@article{Baker,
	Author = {G. A. Baker, Jr.},
	Journal = {Int. J. Mod. Phys. B},
	Pages = 1314,
	Title = {{The MBX challenge competition: a neutron matter model}},
	Volume = 15,
	Year = 2001}

@article{Heiselberg,
	Author = {H. Heiselberg},
	Journal = {Phys. Rev. A},
	Pages = 043606,
	Title = {Fermi systems with long scattering lengths},
	Volume = 63,
	Year = 2001}

@article{Bertsch,
	Author = {G. F. Bertsch},
	Journal = {Int. J. Mod. Phys. B},
	Pages = {iii},
	Title = {{Many-Body X Challenge Problem; see R. A. Bishop}},
	Volume = 15,
	Year = 2001}

@article{AurelSpecificHeat,
	Author = {A. Bulgac},
	Journal = {Phys. Rev. Lett.},
	Pages = {140403},
	Title = {{Specific Heat of a fermionic atomic cloud in the unitary regime}},
	Volume = 95,
	Year = 2005}

%%%%%%%%%%%%%%%%%%%%%%%%%%%%%%%%%%%%%%%%%

@article{NishidaSonConformal,
	Author = {Y.~Nishida and D.~T.~Son},
	Journal = {Phys. Rev. D},
	Pages = 086004,
	Title = {{Nonrelativistic conformal field theories}},
	Volume = 76,
	Year = 2007}
	
@article{Detmold:2014hla,
      author         = "Detmold, William and Endres, Michael G.",
      title          = "{Signal/noise enhancement strategies for stochastically
                        estimated correlation functions}",
      journal        = "Phys. Rev.",
      volume         = "D90",
      year           = "2014",
      number         = "3",
      pages          = "034503",
      doi            = "10.1103/PhysRevD.90.034503",
      eprint         = "1404.6816",
      archivePrefix  = "arXiv",
      primaryClass   = "hep-lat",
      reportNumber   = "MIT-CTP-4545",
      SLACcitation   = "%%CITATION = ARXIV:1404.6816;%%"
}

@article{Detmold:2014rfa,
      author         = "Detmold, William and Endres, Michael G.",
      title          = "{Signal/noise optimization strategies for stochastically
                        estimated correlation functions}",
      booktitle      = "{Proceedings, 32nd International Symposium on Lattice
                        Field Theory (Lattice 2014)}",
      journal        = "PoS",
      volume         = "LATTICE2014",
      year           = "2015",
      pages          = "170",
      eprint         = "1409.5667",
      archivePrefix  = "arXiv",
      primaryClass   = "hep-lat",
      reportNumber   = "MIT-CTP-4589",
      SLACcitation   = "%%CITATION = ARXIV:1409.5667;%%"
}

@article{Beane:2010em,
      author         = "Beane, S. R. and Detmold, W. and Orginos, K. and Savage,
                        M. J.",
      title          = "{Nuclear Physics from Lattice QCD}",
      journal        = "Prog. Part. Nucl. Phys.",
      volume         = "66",
      year           = "2011",
      pages          = "1-40",
      doi            = "10.1016/j.ppnp.2010.08.002",
      eprint         = "1004.2935",
      archivePrefix  = "arXiv",
      primaryClass   = "hep-lat",
      reportNumber   = "JLAB-THY-10-1166",
      SLACcitation   = "%%CITATION = ARXIV:1004.2935;%%"
}

@article{MSW,
	Author = {T. Mehen and I. W. Stewart and M. B. Wise},
	Journal = {Phys. Lett. B},
	Pages = 145,
	Title = {Conformal invariance for non-relativistic field theory},
	Volume = 474,
	Year = 2000}

@article{Mehen,
	Author = {Mehen, T.},
	Journal = {Phys. Rev. A},
	Pages = 013614,
	Title = {On Non-Relativistic Conformal Field Theory and Trapped Atoms: Virial Theorems and the State-Operator Correspondence in Three Dimensions},
	Volume = 78,
	Year = {2007}}

@article{noteSon,
	Author = {D. T. Son},
	Journal = {{ArXiv:0707.1851}},
	Title = {Three comments on the Fermi gas at unitarity in a harmonic trap}}

@article{Castin1,
	Author = {F. Werner and Y. Castin},
	Journal = {Phys. Rev. A},
	Pages = 053604,
	Title = {{The unitary gas in an isotropic harmonic trap: symmetry properties and applications}},
	Volume = 74,
	Year = 2006}

% 2006PhRvL..97o0401W
@article{Castin2,
	Author = {F. Werner and Y. Castin},
	Journal = {Phys. Rev. Lett.},
	Pages = 150401,
	Title = {The unitary three-body problem in a trap},
	Volume = 97,
	Year = 2006}
	
@article{WernerCastinArXiv,
	Author = {F. Werner and Y. Castin},
	Journal = {Phys. Rev. A},
	eprint  = "1204.3204",
        archivePrefix  = "arXiv",
	Pages = {},
	Title = {General relations for quantum gases in two and three dimensions. I. Two-component fermions},
	Volume = 97,
	Year = 2006}

%%%%%%%%%%%%%%%%%%%%%%%%%%%%%%%%%%%%%%%%%

@article{Hagen,
	Author = {C. R. Hagen},
	Journal = {Phys. Rev. D},
	Pages = 377,
	Title = {Scale and conformal transformations in galilean-covariant field theory},
	Volume = 5,
	Year = 1972}

@article{Niederer:1972zz,
	Author = {U. Niederer},
	Journal = {Helv. Phys. Acta},
	Pages = 802,
	Title = {The maximal kinematical invariance group of the free Schrodinger equation},
	Volume = 45,
	Year = 1972}

%%%%%%%%%%%%%%%%%%%%%%%%%%%%%%%%%%%%%%%%%

@article{Privitera1,
	Author = {A. Privitera and M. Capone and C. Castellani},
	Journal = {Phys. Rev. B},
	Pages = {014523},
	Title = {Finite-density corrections to the Unitary Fermi gas: A lattice perspective from Dynamical Mean-Field Theory},
	Volume = 81,
	Year = 2010}

@article{Privitera2,
	Author = {A. Privitera and M. Capone},
	Journal = {Phys. Rev. A},
	Pages = {013640},
	Title = {Lattice approaches to dilute Fermi gases: Legacy of broken Galilean invariance},
	Volume = 85,
	Year = 2012}

%%%%%%%%%%%%%%%%%%%%%%%%%%%%%%%%%%%%%%%%%

@article{Stefano,
	Author = {S. Gandolfi and K. E. Schmidt and J. Carlson},
	Journal = {Phys. Rev. A},
	Pages = {041601(R)},
	Title = {BEC-BCS crossover and universal relations in unitary Fermi gases},
	Volume = 83,
	Year = 2011}

%%%%%%%%%%%%%%%%%%%%%%%%%%%%%%%%%%%%%%%%%

@article{CarlsonGezerlis,
	Author = {A. Gezerlis and J. Carlson},
	Journal = {ArXiv:0711.3006v1},
	Title = {Strongly-Paired Fermions: Cold Atoms and Neutron Matter}}

@article{Carlson,
	Author = {J. Carlson and S.-Y. Chang and V. R. Pandharipande and K. E. Schmidt},
	Journal = {Phys. Rev. Lett.},
	Pages = 050401,
	Title = {Superfluid Fermi gases with large scattering length},
	Volume = 91,
	Year = 2003}

@article{Chang,
	Author = {S. Y. Chang and V. R. Pandharipande and J. Carlson and K. E. Schmidt},
	Journal = {Phys. Rev. A},
	Pages = 043602,
	Title = {Quantum Monte Carlo Studies of Superfluid Fermi Gases},
	Volume = 70,
	Year = 2004}

@book{ZinnJustinBook,
	Address = {Oxford},
	Author = {J. Zinn-Justin},
	Publisher = {Clarendon Press},
	Title = {Quantum Field Theory and Critical Phenomena 3rd ed.},
	Year = 1996}

@article{Hirsch,
	Author = {J. E. Hirsch},
	Journal = {Phys. Rev. B.},
	Pages = 4059,
	Title = {Discrete Hubbard-Stratonovich transformation for fermion lattice models},
	Volume = 28,
	Year = 1983}

@article{exp_Duke,
	Author = {K.~M.~O'Hara and S.~L.~Hemmer and M.~E.~Gehm and S.~R.~Granade and J.~E.~Thomas},
	Journal = {Science},
	Pages = 2179,
	Title = {Observation of a strongly interacting degenerate Fermi gas of atoms},
	Volume = 298,
	Year = 2002}

@article{exp_Duke2,
      author         = "Gehm, M.E. and Hemmer, S.L. and Granade, S.R. and O'Hara,
                        K.M. and Thomas, J.E.",
      title          = "{Mechanical stability of a strongly interacting Fermi gas
                        of atoms}",
      journal        = "Phys.Rev.",
      volume         = "A68",
      pages          = "011401",
      doi            = "10.1103/PhysRevA.68.011401",
      year           = "2003",
      SLACcitation   = "%%CITATION = PHRVA,A68,011401;%%",
}

@article{exp_Duke3,
	Author = {J. Kinast and A. Turlapov and J.E. Thomas and Q. Chen and J. Stajic and K. Levin},
	Journal = {Science},
	Pages = 1296,
	Title = {{Heat capacity of a strongly interacting Fermi gas}},
	Volume = 307,
	Year = 2005}

@article{exp_DukeSound,
	Author = {J. Kinast and A. Turlapov and J.E. Thomas},
	Journal = {Phys. Rev. Lett.},
	Pages = 170404,
	Title = {{Damping of a Unitary Fermi Gas}},
	Volume = 94,
	Year = 2005}

@article{virial,
	Author = {J.E. Thomas and J. Kinast and A. Turlapov},
	Journal = {Phys. Rev. Lett.},
	Pages = 120402,
	Title = {{Virial Theorem and Universality in a Unitary Fermi Gas}},
	Volume = 95,
	Year = 2005}

@article{Luo,
	Author = {L. Luo and B. Clancy and J. Joseph and J. Kinast and J. E. Thomas},
	Journal = {Phys. Rev. Lett.},
	Pages = 080402,
	Title = {{Measurement of the Entropy and Critical Temperature of a Strongly Interacting Fermi Gas}},
	Volume = 98,
	Year = 2007}

@article{exp_ENS0,
	Author = {T. Bourdel and J. Cubizolles and L. Khaykovich and Magalhaes and S. J. J. M. F. Kokkelmans and G. V. Shlyapnikov and C. Salomon},
	Journal = {Phys.\ Rev.\ Lett.},
	Pages = 020402,
	Title = {{Measurement of the Interaction Energy near a Feshbach Resonance in a $^6$Li Fermi Gas}},
	Volume = 91,
	Year = 2003}

@article{exp_ENS1,
	Author = {J. Cubizolles and T. Bourdel and S. J. J. M. F. Kokkelmans and G. V. Shlyapnikov and C. Salomon},
	Date-Modified = {2010-02-06 22:33:08 -0800},
	Group = {ColdAtoms/Experiments},
	Journal = {Phys.\ Rev.\ Lett.},
	Pages = 020402,
	Title = {{Production of Long-Lived Ultracold Li$_2$ Molecules from a Fermi Gas}},
	Volume = 91,
	Year = 2003}

@article{exp_ENS,
	Author = {T. Bourdel and L. Khaykovich and J. Cubizolles and J. Zhang and F. Chevy and M. Teichmann and L. Tarruell and S. J. J. M. F. Kokkelmans and C. Salomon},
	Journal = {Phys.\ Rev.\ Lett.},
	Pages = 050401,
	Title = {{Experimental study of the BEC--BCS crossover region in Lithium 6}},
	Volume = 93,
	Year = 2004}

@article{xi_ens2007,
	Author = {L. Tarruell and M. Teichmann and J. Mckeever and T. Bourdel and J. Cubizolles and L. Khaykovich and J. Zhang and N. Navon and F. Chevy and C. Salomon},
	Journal = {ArXiv:cond-mat/0701181v1},
	Title = {{Expansion of an ultra-cold lithium gas in the BEC-BCS crossover}}}

@article{exp_Innsbruck0,
	Author = {S. Jochim and M. Bartenstein and A. Altmeyer and G. Hendl and C. Chin and J. Hecker Denschlag and R. Grimm},
	Journal = {Phys.\ Rev.\ Lett.},
	Pages = 240402,
	Title = {{Pure Gas of Optically Trapped Molecules Created from Fermionic Atoms}},
	Volume = 91,
	Year = 2003}

@article{exp_Innsbruck01,
	Author = {S. Jochim and M. Bartenstein and A. Altmeyer and G. Hendl and S. Riedl and C. Chin and J. Hecker Denschlag and R. Grimm},
	Journal = {Science},
	Pages = 2101,
	Title = {{Bose-Einstein Condensation of Molecules}},
	Volume = 302,
	Year = 2003}

@article{exp_Innsbruck,
	Author = {M. Bartenstein and A. Altmeyer and S. Riedl and S. Jochim and C. Chin and J. Hecker Denschlag and R. Grimm},
	Journal = {Phys.\ Rev.\ Lett.},
	Pages = 120401,
	Title = {{Crossover from a molecular Bose-Einstein condensate to a degenerate Fermi gas}},
	Volume = 92,
	Year = 2004}

@article{exp_Innsbruck2,
	Author = {M. Bartenstein and A. Altmeyer and S. Riedl and R. Geursen and S. Jochim and C. Chin and J. Hecker Denschlag and R. Grimm and A. Simoni and E. Tiesinga and C. J. Williams and P. S. Julienne},
	Journal = {Phys. Rev. Lett.},
	Pages = 103201,
	Title = {{Precise Determination of $^6$Li Cold Collision Parameters by Radio-Frequency Spectroscopy on Weakly Bound Molecules}},
	Volume = 94,
	Year = 2005}

@article{exp_gap,
	Author = {C. Chin and M. Bartenstein and A. Altmeyer and S. Riedl and S. Jochim and J. Hecker Denschlag and R. Grimm},
	Journal = {Science},
	Pages = 1128,
	Title = {{Observation of the pairing gap in a strongly interacting Fermi gas}},
	Volume = 305,
	Year = 2004}

@article{exp_gap2,
	Author = {M. Greiner and C.A. Regal and D.S. Jin},
	Journal = {Phys. Rev. Lett.},
	Pages = 070403,
	Title = {{Probing the excitation spectrum of a Fermi gas in the BCS-BEC crossover regime}},
	Volume = 94,
	Year = 2005}

@article{exp_gap3,
	Author = {C.H. Schunck and Y. Shin and A. Schirotzek and M.W. Zwierlein and W. Ketterle},
	Journal = {Science},
	Pages = 867,
	Title = {{Pairing without superfluidity: The ground state of an imbalanced Fermi mixture}},
	Volume = 316,
	Year = 2007}

@article{exp_Rice,
	Author = {G. B. Partridge and W. Li and R. I. Kamar and Y. Liao and R. G. Hulet},
	Journal = {Science},
	Pages = 503,
	Title = {{Pairing and phase separation in a polarized Fermi gas}},
	Volume = 311,
	Year = 2006}

@article{exp_Rice0,
	Author = {K. E. Strecker and G. B. Partridge and R. G. Hulet},
	Journal = {Phys. Rev. Lett.},
	Pages = 080406,
	Title = {{Conversion of an atomic Fermi gas to a long-lived molecular Bose gas}},
	Volume = 91,
	Year = 2003}

@article{xi_jila,
	Author = {J. T. Stewart and J. P. Gaebler and C. A. Regal and D. S. Jin},
	Journal = {Phys. Rev. Lett.},
	Pages = 220406,
	Title = {{Potential energy of a $^{40}$K Fermi gas in the BCS-BEC crossover}},
	Volume = 97,
	Year = 2006}

@article{exp_JILA0,
	Author = {C. A. Regal and C. Ticknor and J. Bohn and D. S. Jin},
	Journal = {Nature},
	Pages = 47,
	Title = {{Creation of ultracold molecules from a Fermi gas of atoms}},
	Volume = 424,
	Year = 2003}

@article{exp_JILA1,
	Author = {C. A. Regal and M. Greiner and D. S. Jin},
	Journal = {Phys. Rev. Lett.},
	Pages = 083201,
	Title = {{Lifetime of Molecule-Atom Mixtures near a Feshbach Resonance in $^40$K}},
	Volume = 92,
	Year = 2004}

@article{exp_JILA2,
	Author = {C. A. Regal and M. Greiner and D. S. Jin},
	Journal = {Nature},
	Pages = 537,
	Title = {{Emergence of a molecular Bose-Einstein condensate from a Fermi gas}},
	Volume = 426,
	Year = 2003}

@article{exp_MIT,
	Author = {K. Dieckmann and C. A. Stan and S. Gupta and Z. Hadzibabic and C. H. Schunck and W. Ketterle},
	Journal = {Phys. Rev. Lett.},
	Pages = 203201,
	Title = {{Decay of an Ultracold Fermionic Lithium Gas near a Feshbach Resonance}},
	Volume = 89,
	Year = 2002}

@article{exp_MIT1,
	Author = {M. Zwierlein and C. A. Stan and C. H. Schunck and S.M.F. Raupach and S. Gupta and Z. Hadzibabic and W. Ketterle},
	Journal = {Phys. Rev. Lett.},
	Pages = 250401,
	Title = {{Observation of Bose-Einstein condensation of molecules}},
	Volume = 91,
	Year = 2003}

@article{exp_MIT2,
	Author = {M. Zwierlein and J. R. Abo-Shaeer and A. Schirotzek and C. H. Schunck and W. Ketterle},
	Journal = {Nature},
	Pages = 1047,
	Title = {{Vortices and superfluidity in a strongly interacting Fermi gas}},
	Volume = 435,
	Year = 2005}

@article{yang,
	Author = {C. N. Yang},
	Journal = {Rev. Mod. Phys.},
	Pages = 694,
	Title = {{Concept of off-diagonal long-range order and the quantum phases of liquid He and of superconductors}},
	Volume = 34,
	Year = 1962}

@article{carr,
	Author = {L. D. Carr and G. V. Shlyapnikov and Y. Castin},
	Journal = {Phys. Rev. Lett},
	Pages = 150404,
	Title = {{Achieving a BCS Transition in an Atomic Fermi Gas}},
	Volume = 92,
	Year = 2004}

@article{releaseenergy,
	Author = {C. Menotti and P. Pedri and S. Stringari},
	Journal = {Phys. Rev. Lett.},
	Pages = 250402,
	Title = {{Expansion of an interacting Fermi gas}},
	Volume = 89,
	Year = 2002}

@article{Pieri,
	Author = {A. Peralli and P. Pieri and L. Pisani and G. C. Strinati},
	Journal = {Phys. Rev. Lett.},
	Pages = 220404,
	Title = {{BCS-BEC crossover at finite temperature for superfluid trapped Fermi atoms}},
	Volume = 92,
	Year = 2004}

@article{Gorkov,
	Author = {L. P. Gorkov and T. K. Melik-Barkhudarov},
	Journal = {Soviet Phys. JETP},
	Pages = 1018,
	Volume = 13,
	Year = 1961}

@article{Gorkov2,
	Author = {H. Heiselberg and C. J. Pethick and H. Smith and L. Viverit},
	Journal = {Phys. Rev. Lett.},
	Pages = 2418,
	Title = {{Influence of Induced Interactions on the Superfluid Transition in Dilute Fermi Gases}},
	Volume = 85,
	Year = 2000}

@article{LepageVEGAS,
	Author = {G. P. Lepage},
	Journal = {J. Comp. Phys.},
	Pages = {192-203},
	Title = {{A new algorithm for adaptive multidimensional integration}},
	Volume = 27,
	Year = 1978}

@book{LandauBinder,
	Address = {New York, NY},
	Author = {D.P. Landau and K. Binder},
	Publisher = {Cambridge University Press},
	Title = {{A Guide to Monte Carlo Simulations in Statistical Physics (Second Edition)}},
	Year = 2005}

@book{PeskinBook,
	Address = {Reading, MA},
	Author = {M.E. Peskin and D.V. Schroeder},
	Publisher = {Addison-Wesley},
	Title = {{An Introduction to Quantum Field Theory}},
	Year = 1995}

@book{FetterWalecka,
	Address = {New York},
	Author = {A. L. Fetter and J.D. Walecka},
	Publisher = {Dover},
	Title = {{Quantum Theory of Many-Particle Systems}},
	Year = {2003}}

@book{PethickSmith,
	Address = {New York, NY},
	Author = {C. J. Pethick and H. Smith},
	Publisher = {Cambridge University Press},
	Title = {{Bose-Einstein Condensation in Dilute Gases}},
	Year = {2004}}

@book{AltlandSimons,
	Address = {New York, NY},
	Author = {A. Altland and B. Simons},
	Publisher = {Cambridge University Press},
	Title = {{Condensed Matter Field Theory}},
	Year = {2006}}

@book{LandauLifshitzFluidMechanics,
	Address = {New York, NY},
	Author = {L. D. Landau and E. M. Lifshitz},
	Publisher = {Pergamon Press},
	Title = {{Fluid Mechanics}},
	Year = {1987}}

@book{LandauLifshitzStatMech,
	Address = {New York, NY},
	Author = {L. D. Landau and E. M. Lifshitz},
	Publisher = {Pergamon Press},
	Title = {{Statistical Mechanics, Vol 1.}},
	Year = {1980}}

@book{LandauQM,
	Address = {Oxford},
	Author = {L. D. Landau and E. M. Lifshitz},
	Publisher = {Butterworth-Heinemann},
	Title = {{Quantum Mechanics (Non-relativistic Theory)}},
	Year = {2003}}

@book{Khalatnikov,
	Address = {Cambridge, MA},
	Author = {I. M. Khalatnikov},
	Publisher = {Perseus Publishing},
	Title = {{An Introduction to the Theory of Superfluidity}},
	Year = {2000}}

@book{Brack,
	Address = {Reading, MA},
	Author = {M. Brack and R. K. Bhaduri},
	Publisher = {Addison-Wesley},
	Title = {{Semiclassical Physics}},
	Year = 1997}

@article{BCS1,
	Author = {J. Bardeen and L. N. Cooper and J.R. Schrieffer},
	Journal = {Phys. Rev.},
	Pages = {1175-1204},
	Title = {Theory of superconductivity},
	Volume = {108},
	Year = {1957}}

@article{BCS2,
	Author = {J. Bardeen and L. N. Cooper and J.R. Schrieffer},
	Journal = {Phys. Rev.},
	Pages = {162},
	Title = {Microscopic theory of superconductivity},
	Volume = {106},
	Year = {1957}}

@article{Bogoliubov,
	Author = {N. N. Bogoliubov},
	Journal = {J. Phys. (USSR)},
	Pages = {23},
	Volume = {11},
	Year = {1947}}

@article{Bose,
	Author = {S. N. Bose},
	Journal = {Z. Phys},
	Pages = {178},
	Volume = {26},
	Year = {1924}}

@article{Einstein,
	Author = {A. Einstein},
	Journal = {Sitz. Ber. Preuss. Akad. Wiss. (Berlin)},
	Pages = {3},
	Volume = {1},
	Year = {1925}}

@article{WeimanCornell,
	Author = {M.H. Anderson and J.R. Ensher and M.R. Matthews and C.E. Wieman and E.A. Cornell},
	Journal = {Science},
	Pages = {198},
	Title = {{Observation of Bose Einstein Condensation in a Dilute Atomic Vapor}},
	Volume = {269},
	Year = {1995}}

@article{ts,
	Author = {{T. Sch\"affer}},
	Journal = {Phys. Rev. A},
	Pages = {063618},
	Title = {{The Shear Viscosity to Entropy Density Ratio of Trapped Fermions in the Unitarity Limit}},
	Volume = {76},
	Year = {2007}}

@article{urban,
	Author = {{ M.\ Grasso and M.\ Urban}},
	Journal = {Phys. Rev. A},
	Pages = {033610},
	Title = {{ Hartree-Fock-Bogoliubov theory versus local-density approximation for superfluid trapped fermionic atoms}},
	Volume = {68},
	Year = {2003}}

@article{AtomsReview1,
	Author = {S. Giorgini and L.P. Pitaevskii and S. Stringari},	
	Journal = {Rev.\ Mod.\ Phys.},
	Pages = {1215},
	Title = {Theory of ultracold Fermi gases},
	Volume = {80},
	Year = {2008}}

@article{AtomsReview2,
	Author = {I. Block and J. Dalibard and W. Zwerger},
	Journal = {Rev.\ Mod.\ Phys.},
	Pages = {885},
	Title = {Many-Body Physics with Ultracold Gases},
	Volume = {80},
	Year = {2008}}

@article{bruun,
	Author = {{G. M. Bruun and G. Baym}},
	Journal = {Phys. Rev. A},
	Pages = {033601},
	Title = {{Bragg spectroscopy of cold atomic Fermi gases}},
	Volume = {74},
	Year = {2007}}
    
%%%%%%%%%%%%%%%%%%%%%%%%%%%%%%%%%%%%%%%%%%%%%%%%%%%%%%
    
@article{DL1,
	Author = {J. E. Drut and T. A. Lahde },
	Journal = {Phys. Rev. B},
	Pages = {165425},
	Title = {Lattice field theory simulations of graphene},
	Volume = {79},
	Year = {2009}}

@article{DL2,
	Author = {J. E. Drut and T. A. Lahde },
	Journal = {Phys. Rev. Lett.},
	Pages = {026802},
	Title = {Is graphene in vacuum an insulator?},
	Volume = {102},
	Year = {2009}}

@article{DL3,
	Author = {J. E. Drut and T. A. Lahde },
	Journal = {Phys. Rev. B},
	Pages = {241405},
	Title = {Critical exponents of the semimetal-insulator transition in graphene: A Monte Carlo study},
	Volume = {79},
	Year = {2009}}

@article{Handsetal1,
	Author = {S.~J.~Hands and C.~G.~Strouthos },
	Journal = {Phys. Rev. B},
	Pages = {165423},
	Title = {Quantum critical behavior in a graphenelike model},
	Volume = {78},
	Year = {2008}}
	
@article{Handsetal2,
	Author = {W. Armour and S. Hands and C. Strouthos},
	Journal = {Phys. Rev. B},
	Pages = {125105},
	Title = {Monte Carlo simulation of the semimetal-insulator phase transition in monolayer graphene},
	Volume = {81},
	Year = {2010}}

@article{Handsetal3,
	Author = {W. Armour and S. Hands and C. Strouthos},
	Journal = {Phys. Rev. B},
	Pages = {075123},
	Title = {Monte Carlo simulation of monolayer graphene at nonzero temperature},
	Volume = {84},
	Year = {2011}}
	

@article{Broweretal,
	Author = {R. Brower and C. Rebbi and D. Schaich},
	Journal = {PoS},
	Pages = {056},
	Title = {Hybrid Monte Carlo simulation on the graphene hexagonal lattice},
	Volume = {Lattice 2011},
	Year= 2011}

%%%%%%%%%%%%%%%%%%%%%%%%%%%%%%%%%%%%%%%%%%%%%%%%%%%%%%

@book{JaynesBook,
	Address = {Cambridge, MA},
	Author = {E.T. Jaynes}, 
	Publisher = {MIT Press},
	Title = {The Maximum Entropy Formalism, edited by R.D. Levine and M. Tribus}, 
	Year = 1978}
	%pp. 15-118

@article{JarrellGubernatis,
	Title = {Bayesian Inference and the Analytic Continuation of Imaginary-Time Quantum Monte Carlo Data}, 
	Author = {M. Jarrell and J.E. Gubernatis}, 
	Journal = {Physics Reports},
	Volume = 269,
	Pages = 133,
	Year = 1996}

@article{Metropolis, 
	Title = {Equation of state calculations by fast computing machines}, 
	Author = {N. Metropolis and A. W. Rosenbluth and M. N. Rosenbluth and A. H. Teller and E. Teller}, 
	Journal = {J. Chem. Phys.},
	Volume = 21,
	Pages = 1087,
	Year = 1953}

@article{SwendsenWang, 
	Title = {Nonuniversal critical dynamics in Monte Carlo simulations}, 
	Author = {R. H. Swendsen and J. Wang}, 
	Journal = {Phys. Rev. Lett.},
	Volume = 58,
	Pages = 86,
	Year = 1987}

@article{BarbuZhu, 
	Title = {Generalizing Swendsen-Wang to sampling arbitrary posterior probabilities},
	Author = {A. Barbu and S. C. Zhu}, 
	Journal = {IEEE Trans. Patt. Anal. Mach. Intell.},
	Volume = 27,
	Pages = 1239,
	Year = 2005}

@article{Wolff, 
	Title = {Collective Monte Carlo updating for spin systems},
	Author = {U. Wolff}, 
	Journal = {Phys. Rev. Lett.},
	Volume = 62,
	Pages = 361,
	Year = 1989}
	
%%%%%%%%%%%%%%%%%%%%%%%%%%%%%%%%%%%%%%%%%%%%%%%%%%%%%%

@article{EpelbaumLO,
	Title = {Lattice Simulations for Light Nuclei: Chiral Effective Field Theory at Leading Order}, 
	Author = {B. Borasoy and E. Epelbaum and H. Krebs and D. Lee and U.-G. Mei$\beta$ner}, 
	Journal = {Eur. Phys. J. A},
	Volume = 31,
	Pages = 105,
	Year = 2007}

@article{EpelbaumNLO,
	Title = {Chiral effective field theory on the lattice at next-to-leading order}, 
	Author = {B. Borasoy and E. Epelbaum and H. Krebs and D. Lee and U.-G. Mei$\beta$ner}, 
	Journal = {Eur. Phys. J. A},
	Volume = 35,
	Pages = 343,
	Year = 2008}
	
@article{EpelbaumNNLO,
	Title = {Lattice chiral effective field theory with three-body interactions at next-to-next-to-leading order}, 
	Author = {E. Epelbaum and H. Krebs and D. Lee and U.-G. Mei$\beta$ner}, 
	Journal = {Eur. Phys. J. A},
	Volume = 41,
	Pages = 125,
	Year = 2009}
	
@article{Epelbaum34612_1,
	Title = {Lattice calculations for A=3,4,6,12 nuclei using chiral effective field theory}, 
	Author = {E. Epelbaum and H. Krebs and D. Lee and U.-G. Mei$\beta$ner}, 
	Journal = {Eur. Phys. J. A},
	Volume = 45,
	Pages = 335,
	Year = 2010}

@article{Epelbaum34612_2,
	Title = {Lattice effective field theory calculations for A = 3,4,6,12 nuclei}, 
	Author = {E. Epelbaum and H. Krebs and D. Lee and U.-G. Mei$\beta$ner}, 
	Journal = {Phys. Rev. Lett.},
	Volume = 104,
	Pages = 142501,
	Year = 2010}
	
@article{EpelbaumHoyleState,
	Title = {Ab initio calculation of the Hoyle state}, 
	Author = {E. Epelbaum and H. Krebs and D. Lee and U.-G. Mei$\beta$ner}, 
	Journal = {Phys. Rev. Lett.},
	Volume = 106,
	Pages = 192501,
	Year = 2011}

@article{MeissnerFewBody,
	Title = {Nuclear Physics from Simulations}, 
	Author = {U.-G. Mei$\beta$ner}, 
	Journal = {Few-Body Syst.},
	Volume = 50,
	Pages = 91,
	Year = 2011}
	
@article{MTNF_Meissner,
	Title = {Modern theory of nuclear forces}, 
	Author = {E. Epelbaum and H.-W. Hammer and U.-G. Mei$\beta$ner}, 
	Journal = {Rev. Mod. Phys.},
	Volume = 81,
	Pages = 1773,
	Year = 2009}
	
@article{NPLQCD1, 
	Title = {Hadronic Interactions from Lattice QCD}, 
	Author = {S. R. Beane and K. Orginos and M. J. Savage}, 
	Journal = {Int. J. Mod. Phys. E},
	Volume = 17,
	Pages = 1157,
	Year = 2008}

@article{NPLQCD2, 
	Title = {Nuclear Physics from Lattice QCD}, 
	Author = {S. R. Beane and W. Detmold and K. Orginos and M. J. Savage}, 
	Journal = {Prog. Part. Nucl. Phys.},
	Volume = 66,
	Pages = 1,
	Year = 2011}

@article{MILC_RMP,  
	Title = {Nonperturbative QCD simulations with $2+1$ flavors of improved staggered quarks},
	Author = {Bazavov, A. and Toussaint, D. and Bernard, C. and Laiho, J. and DeTar, C. and Levkova, L. and Oktay, M. B. and Gottlieb, S. and Heller, U. M. and Hetrick, J. E. and Mackenzie, P. B. and Sugar, R. and Van de Water, R. S.},
	Journal = {Rev. Mod. Phys.},
  	Volume = {82},
  	issue = {2},
  	pages = {1349--1417},
  	Year = {2010},
  	month = {May},
  	doi = {10.1103/RevModPhys.82.1349},
  	url = {http://link.aps.org/doi/10.1103/RevModPhys.82.1349},
  	publisher = {American Physical Society}
 }
 
 %%%%%%%% RevModPhys.82.1349,

@book{DeGrandDeTarBook,
	Address = {Singapore},
	Author = {T. DeGrand and C. DeTar}, 
	Publisher = {World Scientiï¾žc},
	Title = {Lattice Methods for Quantum Chromodynamics}, 
	Year = 2006}
	
@book{RotheBook,
	Address = {Singapore},
	Author = {H. Rothe}, 
	Publisher = {World Scientiï¾žc},
	Title = {Lattice Gauge Theories, 3rd ed.}, 
	Year = 2005}
		
@book{ReviewExperiments,
	Address = {Amsterdam},
	Author = {M. Inguscio and W. Ketterle and C. Salomon}, 
	Publisher = {IOS Press},
	Title = {Ultracold Fermi Gases, Proceedings of the International School of Physics ``Enrico Fermi,'' CourseCLXIV, Varenna, June 20-30}, 
	Year = 2008}

%%%%%%%%%%%%%%%%%%%%%

@article{PhysRevLett.74.3652,
  title = {Constrained Path Quantum Monte Carlo Method for Fermion Ground States},
  author = {Zhang, S. and Carlson, J. and Gubernatis, J. E.},
  journal = {Phys. Rev. Lett.},
  volume = {74},
  issue = {18},
  pages = {3652--3655},
  year = {1995},
  month = {May},
  doi = {10.1103/PhysRevLett.74.3652},
  url = {http://link.aps.org/doi/10.1103/PhysRevLett.74.3652},
  publisher = {American Physical Society}
}

@article{PhysRevB.55.7464,
  title = {Constrained path Monte Carlo method for fermion ground states},
  author = {Zhang, S. and Carlson, J. and Gubernatis, J. E.},
  journal = {Phys. Rev. B},
  volume = {55},
  issue = {12},
  pages = {7464--7477},
  year = {1997},
  month = {Mar},
  doi = {10.1103/PhysRevB.55.7464},
  url = {http://link.aps.org/doi/10.1103/PhysRevB.55.7464},
  publisher = {American Physical Society}
}

%%%%%%%%%%%%%%%%%%%%%

@book{KalosWhitlockBook,
	Address = {Weinheim},
	Author = {M. H. Kalos and P. A. Whitlock}, 
	Publisher = {WILEY-VCH Verlag },
	Title = {Monte Carlo Methods, 2nd ed.}, 
	Year = 2008}

@article{GFMC0,
	Title = {Monte Carlo methods in electronic structures for large systems}, 
	Author = {A. L\"uchow and J. B. Anderson}, 
	Journal = {Annu. Rev. Phys. Chem.},
	Volume = 51,
	Pages = 501,
	Year = 2000}
	
@article{GFMC01,
	Title = {Structure and dynamics of few-nucleon systems}, 
	Author = {J. Carlson and R. Schiavilla}, 
	Journal = {Rev. Mod. Phys.},
	Volume = 70,
	Pages = 743,
	Year = 1998}
	
@article{GFMC1,
	Title = {Quantum Monte Carlo calculations of nuclei with $A\le7$}, 
	Author = {B. S. Pudliner and V. R. Pandharipande and J. Carlson and S. C. Pieper and R. B. Wiringa}, 
	Journal = {Phys. Rev. C},
	Volume = 56,
	Pages = 1720,
	Year = 1997}

@article{GFMC2,
	Title = {Quantum Monte Carlo calculations of $A=8$ nuclei}, 
	Author = {R. B. Wiringa and S. C. Pieper and J. Carlson and V. R. Pandharipande}, 
	Journal = {Phys. Rev. C},
	Volume = 62,
	Pages = 014001,
	Year = 2000}
	
@article{GFMC3,
	Title = {Quantum Monte Carlo Calculations of Light Nuclei}, 
	Author = {S. C. Pieper and R. B. Wiringa}, 
	Journal = {Ann. Rev. Nucl. Part. Sci.},
	Volume = 51,
	Pages = 53,
	Year = 2001}

@article{GFMC4,
	Title = {Realistic models of pion-exchange three-nucleon interactions}, 
	Author = {S. C. Pieper and V. R. Pandharipande and R. B. Wiringa and J. Carlson}, 
	Journal = {Phys. Rev. C},
	Volume = 64,
	Pages = 014001,
	Year = 2001}

@article{GFMC5,
	Title = {Quantum Monte Carlo calculations of $A=9, 10$ nuclei}, 
	Author = {S. C. Pieper and K. Varga and R. B. Wiringa}, 
	Journal = {Phys. Rev. C},
	Volume = 66,
	Pages = 044310,
	Year = 2002}
	
@article{GFMC6,
	Title = {Evolution of Nuclear Spectra with Nuclear Forces}, 
	Author = {R. B. Wiringa and S. C. Pieper}, 
	Journal = {Phys. Rev. Lett.},
	Volume = 89,
	Pages = 182501,
	Year = 2002}
	
@article{GFMC7,
	Title = {Quantum Monte Carlo calculations of excited states in $A = 6-8$ nuclei}, 
	Author = {S. C. Pieper and R. B. Wiringa and J. Carlson}, 
	Journal = {Phys. Rev. C},
	Volume = 70,
	Pages = 054325,
	Year = 2004}

%%%%%%%%%%%%%%%%%%%%%

@article{CCQC,
	Title = {Coupled-cluster theory in quantum chemistry}, 
	Author = {R. J. Bartlett and M. Musial}, 
	Journal = {Rev. Mod. Phys. },
	Volume = 79,
	Pages = 291,
	Year = 2007}
	
@article{CCNP,
	Title = {Coupled-cluster approach to nuclear physics}, 
	Author = {D. J. Dean and M. Hjorth-Jensen}, 
	Journal = {Phys. Rev. C},
	Volume = 69,
	Pages = 54320,
	Year = 2004}

@article{CC1,
	Title = {Complex coupled-cluster approach to an ab-initio description of open quantum systems}, 
	Author = {G. Hagen and D. J. Dean and M. Hjorth-Jensen and T. Papenbrock}, 
	Journal = {Phys. Lett. B},
	Volume = 656,
	Pages = 169,
	Year = 2007}

@article{CC2,
	Title = {Benchmark calculations for $^3$H, $^4$He, $^{16}$O, and $^{40}$Ca with ab initio coupled-cluster theory}, 
	Author = {G. Hagen and D. J. Dean and M. Hjorth-Jensen and T. Papenbrock and A. Schwenk}, 
	Journal = {Phys. Rev. C},
	Volume = 76,
	Pages = 044305,
	Year = 2007}

@article{CC3,
	Title = {Coupled-cluster theory for three-body Hamiltonians}, 
	Author = {G. Hagen and T. Papenbrock and D. J. Dean and A. Schwenk and A. Nogga and M. W\l och and P. Piecuch}, 
	Journal = {Phys. Rev. C},
	Volume = 76,
	Pages = 034302,
	Year = 2007}
	
@article{CC4,
	Title = {Medium-Mass Nuclei from Chiral Nucleon-Nucleon Interactions}, 
	Author = {G. Hagen and T. Papenbrock and D. J. Dean and M. Hjorth-Jensen}, 
	Journal = {Phys. Rev. Lett},
	Volume = 101,
	Pages = 092502,
	Year = 2008}
	
%%%%%%%%%%%%%%%%%%%%%

@article{NCSM0,
	Title = {Recent developments in no-core shell-model calculations}, 
	Author = {P. Navr\'atil and S. Quaglioni and I. Stetcu and B. R. Barrett},
	Journal = {J. Phys. G},
	Volume = 36,
	doi = {10.1088/0954-3899/36/8/083101},
	Pages = 083101,
	Year = 2009}

@article{NCSM1,
	Title = {Properties of $^{12}$C in the Ab Initio Nuclear Shell Model}, 
	Author = {P. Navratil and J. P. Vary and B. R. Barrett}, 
	Journal = {Phys. Rev. Lett},
	Volume = 84,
	Pages = 5728,
	Year = 2000}
	
@article{NCSM2,
	Title = {Ab initio shell model with a genuine three-nucleon force for the p-shell nuclei}, 
	Author = {P. Navratil and W. E. Ormand}, 
	Journal = {Phys. Rev. C},
	Volume = 68,
	Pages = 034305,
	Year = 2003}
	
@article{NCSM3,
	Title = {Proton radii of $^{4,6,8}$He isotopes from high-precision nucleon-nucleon interactions}, 
	Author = {E. Caurier and P. Navratil}, 
	Journal = {Phys. Rev. C},
	Volume = 73,
	Pages = {021302(R)},
	Year = 2006}

%%%%%%%%%%%%%%%%%%%%%

@article{Worm0,
	Title = {Worm Algorithms for Classical Statistical Models}, 
	Author = {N. Prokof'ev and B. Svistunov}, 
	Journal = {Phys. Rev. Lett. },
	Volume = 87,
	Pages = {160601},
	Year = 2001}

@article{Worm1,
	Title = {Quantum Monte Carlo with directed loops}, 
	Author = {O. F. Sylju{\aa}sen and A. W. Sandvik}, 
	Journal = {Phys. Rev. E },
	Volume = 66,
	Pages = {046701},
	Year = 2002}
	
@article{Worm2,
	Title = {Chiral limit of strongly coupled lattice gauge theories}, 
	Author = {D. H. Adams and S. Chandrasekharan}, 
	Journal = {Nucl. Phys. B},
	Volume = 662,
	Pages = {220},
	Year = 2003}

%%%%%%%%%%%%%%%%%%%%%

@article{Creutz,
	Title = {Monte Carlo study of quantized SU(2) gauge theory}, 
	Author = {M. Creutz}, 
	Journal = {Phys. Rev. D},
	Volume = 21,
	Pages = {2308},
	Year = 1980}

@article{CabibboMarinari,
	Title = {A new method for updating SU(N) matrices in computer simulations of gauge theories}, 
	Author = {N. Cabibbo and E. Marinari}, 
	Journal = {Phys. Lett. B},
	Volume = 119,
	Pages = {387},
	Year = 1982}

@article{Bazavovetal,
	Title = {Biased Metropolis-heat-bath algorithm for fundamental-adjoint SU(2)}, 
	Author = {A. Bazavov and B. A. Berg and U. M. Heller}, 
	Journal = {Phys. Rev. D},
	Volume = 72,
	Pages = {117501},
	Year = 2005}
	
@article{Johnson,
	Title = {General heatbath algorithm for pure lattice gauge theory}, 
	Author = {R. W. Johnson}, 
	Journal = {Phys. Rev. D},
	Volume = 82,
	Pages = {114508},
	Year = 2010}

%%%%%%%%%%%%%%%%%%%%%%%%%%%%%

@article{Batrouni,
	Title = {Fourier acceleration of relaxation processes in disordered systems}, 
	Author = {G. Batrouni and A. Hansen and M. Nelkin}, 
	Journal = {Phys. Rev. Lett.},
	Volume = 57,
	Pages = {1336},
	Year = 1986}

@article{Daviesetal1,
	Title = {Langevin simulations of lattice field theories using Fourier acceleration}, 
	Author = {C. Davies and G. Batrouni and G. Katz and A. Kronfeld and P. Lepage and P. Rossi and B. Svetitsky and K. Wilson }, 
	Journal = {J. Stat. Phys.},
	Volume = 43,
	Pages = {1073},
	Year = 1986}

@article{Daviesetal2,
	Title = {Fourier acceleration in lattice gauge theories. I. Landau gauge fixing}, 
	Author = {C. T. H. Davies and G. G. Batrouni and G. R. Katz and A. S. Kronfeld and G. P. Lepage and K. G. Wilson and P. Rossi and B. Svetitsky}, 
	Journal = {Phys. Rev. D},
	Volume = 37,
	Pages = {1581},
	Year = 1988}
	
@article{Katzetal1,
	Title = {Fourier acceleration in lattice gauge theories. II. Matrix inversion and the quark propagator}, 
	Author = {G. Katz and G. Batrouni and C. Davies and A. Kronfeld and P. Lepage and P. Rossi and B. Svetitsky and K. Wilson}, 
	Journal = {Phys. Rev. D},
	Volume = 37,
	Pages = {1589},
	Year = 1988}

@article{FFTW05,
	Title = {The design and implementation of FFTW3}, 
	Author = {M. Frigo and S. G. Johnson}, 
	Journal = {Proc. IEEE},
	Volume = 93,
	Pages = {216},
	Year = 2005}
			
%%%%%%%%%%%%%%%%%%%%%%%%%%%%%


@Article{Luscher:1986pf,
     author    = "L{\"u}scher, M.",
     title     = "{Volume Dependence of the Energy Spectrum in Massive
                  Quantum Field Theories. 2. Scattering States}",
     journal   = "Commun. Math. Phys.",
     volume    = "105",
     year      = "1986",
     pages     = "153-188",
     doi       = "10.1007/BF01211097",
     SLACcitation  = "%%CITATION = CMPHA,105,153;%%"
}

@Article{Luscher:1990ux,
     author    = "L{\"u}scher, Martin",
     title     = "{Two particle states on a torus and their relation to the
                  scattering matrix}",
     journal   = "Nucl. Phys.",
     volume    = "B354",
     year      = "1991",
     pages     = "531-578",
     doi       = "10.1016/0550-3213(91)90366-6",
     SLACcitation  = "%%CITATION = NUPHA,B354,531;%%"
}

@article{Luscher:1990ck,
      author         = {L\"uscher, M. and Wolff, U.},
      title          = "{How to calculate the elastic scattering matrix in two-dimensional quantum field theories by numerical simulation}",
      journal        = "Nucl.Phys.",
      volume         = "B339",
      pages          = "222-252",
      doi            = "10.1016/0550-3213(90)90540-T",
      year           = "1990",
      reportNumber   = "DESY-90-010",
      SLACcitation   = "%%CITATION = NUPHA,B339,222;%%",
}

@article{MICHAEL1983433,
title = "Extracting glueball masses from lattice QCD",
journal = "Nuclear Physics B",
volume = "215",
number = "3",
pages = "433 - 446",
year = "1983",
note = "",
issn = "0550-3213",
doi = "http://dx.doi.org/10.1016/0550-3213(83)90674-0",
url = "http://www.sciencedirect.com/science/article/pii/0550321383906740",
author = "C. Michael and I. Teasdale",
}

@article{Weinberg:1990rz,
      author         = "Weinberg, Steven",
      title          = "{Nuclear forces from chiral Lagrangians}",
      journal        = "Phys. Lett.",
      volume         = "B251",
      year           = "1990",
      pages          = "288-292",
      doi            = "10.1016/0370-2693(90)90938-3",
      reportNumber   = "UTTG-31-90",
      SLACcitation   = "%%CITATION = PHLTA,B251,288;%%"
}

@article{Weinberg:1991um,
      author         = "Weinberg, Steven",
      title          = "{Effective chiral Lagrangians for nucleon - pion
                        interactions and nuclear forces}",
      journal        = "Nucl. Phys.",
      volume         = "B363",
      year           = "1991",
      pages          = "3-18",
      doi            = "10.1016/0550-3213(91)90231-L",
      reportNumber   = "UTTG-03-91",
      SLACcitation   = "%%CITATION = NUPHA,B363,3;%%"
}

@article{Michael198558,
	title = "Adjoint sources in lattice gauge theory",
	journal = "Nuclear Physics B",
	volume = "259",
	number = "1",
	pages = "58 - 76",
	year = "1985",
	note = "",
	issn = "0550-3213",
	doi = "10.1016/0550-3213(85)90297-4",
	url = "http://www.sciencedirect.com/science/article/pii/0550321385902974",
	author = "C. Michael"
}

@article{Fodor:2012gf,
      author         = "Fodor, Z. and Hoelbling, C.",
      title          = "{Light Hadron Masses from Lattice QCD}",
      journal        = "Rev.Mod.Phys.",
      volume         = "84",
      pages          = "449",
      year           = "2012",
      eprint         = "1203.4789",
      archivePrefix  = "arXiv",
      primaryClass   = "hep-lat",
      reportNumber   = "WUB-11-12",
      SLACcitation   = "%%CITATION = ARXIV:1203.4789;%%",
}
	
@article{Edwards:2011jj,
      author         = "Edwards, R. G. and Dudek, J. J. and Richards, D. G. and Wallace, S. J.",
      title          = "{Excited state baryon spectroscopy from lattice QCD}",
      journal        = "Phys.Rev.",
      volume         = "D84",
      pages          = "074508",
      year           = "2011",
      eprint         = "1104.5152",
      archivePrefix  = "arXiv",
      primaryClass   = "hep-ph",
      reportNumber   = "JLAB-THY-11-1370",
      SLACcitation   = "%%CITATION = ARXIV:1104.5152;%%",
}

@article{Lin:2011ab,
      author         = "Lin, H.-W.",
      title          = "{Lattice QCD for Precision Nucleon Matrix Elements}",
      year           = "2011",
      eprint         = "1112.2435",
      archivePrefix  = "arXiv",
      primaryClass   = "hep-lat",
      reportNumber   = "NT@UW-11-31",
      SLACcitation   = "%%CITATION = ARXIV:1112.2435;%%",
}
	
@article{Luu:2010hw,
      author         = "Luu, T. and Savage, M. J. and Schwenk, A. and Vary, J. P.",
      title          = "{Nucleon-Nucleon Scattering in a Harmonic Potential}",
      journal        = "Phys.Rev.",
      volume         = "C82",
      pages          = "034003",
      doi            = "10.1103/PhysRevC.82.034003",
      year           = "2010",
      eprint         = "1006.0427",
      archivePrefix  = "arXiv",
      primaryClass   = "nucl-th",
      reportNumber   = "NT-UW-10-14",
      SLACcitation   = "%%CITATION = ARXIV:1006.0427;%%",
}

@article{Busch:1998,
	title={Two Cold Atoms in a Harmonic Trap}, 
	volume={28}, 
	url={http://dx.doi.org/10.1023/A:1018705520999}, 
	number={4}, 
	journal={Foundations of Physics}, 
	author={Busch, T. and Englert, B.-G. and Wilkens, M. and Rza, K.}, 
	year={1998}, 
	pages={549--559}
}

@article{Drut:2012md,
      author         = "Drut, Joaquin E. and Nicholson, Amy N.",
      title          = "{Lattice methods for strongly interacting many-body
                        systems}",
      journal        = "J. Phys.",
      volume         = "G40",
      year           = "2013",
      pages          = "043101",
      doi            = "10.1088/0954-3899/40/4/043101",
      eprint         = "1208.6556",
      archivePrefix  = "arXiv",
      primaryClass   = "cond-mat.stat-mech",
      reportNumber   = "LA-UR-12-22454, UM-DOE-ER-40762-524",
      SLACcitation   = "%%CITATION = ARXIV:1208.6556;%%"
}

@article{Yip:2008,
  title = {Energy levels of two identical fermions in a harmonic trap near a $p$-wave Feshbach resonance},
  author = {Yip, S.-K.},
  journal = {Phys. Rev. A},
  volume = {78},
  issue = {1},
  pages = {013612},
  numpages = {4},
  year = {2008},
  month = {Jul},
  doi = {10.1103/PhysRevA.78.013612},
  url = {http://link.aps.org/doi/10.1103/PhysRevA.78.013612},
  publisher = {American Physical Society}
}

@article{Suzuki:2009,
  title = {Two-atom energy spectrum in a harmonic trap near a Feshbach resonance at higher partial waves},
  author = {Suzuki, A. and Liang, Y. and Bhaduri, R. K.},
  journal = {Phys. Rev. A},
  volume = {80},
  issue = {3},
  pages = {033601},
  numpages = {6},
  year = {2009},
  month = {Sep},
  doi = {10.1103/PhysRevA.80.033601},
  url = {http://link.aps.org/doi/10.1103/PhysRevA.80.033601},
  publisher = {American Physical Society}
}

@article{Beane:2003da,
      author         = "Beane, S.R. and Bedaque, P.F. and Parreno, A. and Savage,
                        M.J.",
      title          = "{Two nucleons on a lattice}",
      journal        = "Phys.Lett.",
      volume         = "B585",
      pages          = "106-114",
      doi            = "10.1016/j.physletb.2004.02.007",
      year           = "2004",
      eprint         = "hep-lat/0312004",
      archivePrefix  = "arXiv",
      primaryClass   = "hep-lat",
      reportNumber   = "UNH-03-02, LBNL-54092, NT-UW-03-033, JLAB-THY-03-225",
      SLACcitation   = "%%CITATION = HEP-LAT/0312004;%%",
}

@article{Sato:2007ms,
      author         = "Sato, I. and Bedaque, P. F.",
      title          = "{Fitting two nucleons inside a box: Exponentially suppressed corrections to the Luscher's formula}",
      journal        = "Phys.Rev.",
      volume         = "D76",
      pages          = "034502",
      doi            = "10.1103/PhysRevD.76.034502",
      year           = "2007",
      eprint         = "hep-lat/0702021",
      archivePrefix  = "arXiv",
      primaryClass   = "HEP-LAT",
      reportNumber   = "LBNL-62480, DOE-ER-40762-383",
      SLACcitation   = "%%CITATION = HEP-LAT/0702021;%%",
}

@article{Bedaque:2006yi,
      author         = "Bedaque, P. F. and Sato, I. and Walker-Loud, A.",
      title          = "{Finite volume corrections to pi-pi scattering}",
      journal        = "Phys.Rev.",
      volume         = "D73",
      pages          = "074501",
      doi            = "10.1103/PhysRevD.73.074501",
      year           = "2006",
      eprint         = "hep-lat/0601033",
      archivePrefix  = "arXiv",
      primaryClass   = "hep-lat",
      reportNumber   = "NT-UW-05-15, LBNL-59327",
      SLACcitation   = "%%CITATION = HEP-LAT/0601033;%%",
}

@article{Smigielski:2008pa,
      author         = "Smigielski, B. and Wasem, J.",
      title          = "{Ground-state energy shift of n pions and m kaons in a finite volume}",
      journal        = "Phys.Rev.",
      volume         = "D79",
      pages          = "054506",
      doi            = "10.1103/PhysRevD.79.054506",
      year           = "2009",
      eprint         = "0811.4392",
      archivePrefix  = "arXiv",
      primaryClass   = "hep-lat",
      reportNumber   = "NT-UW-08-25",
      SLACcitation   = "%%CITATION = ARXIV:0811.4392;%%",
}

@article{Konig:2011nz,
      author         = "Koenig, S. and Lee, D. and Hammer, H.-W.",
      title          = "{Volume Dependence of Bound States with Angular
                        Momentum}",
      journal        = "Phys.Rev.Lett.",
      volume         = "107",
      pages          = "112001",
      year           = "2011",
      eprint         = "1103.4468",
      archivePrefix  = "arXiv",
      primaryClass   = "hep-lat",
      SLACcitation   = "%%CITATION = ARXIV:1103.4468;%%",
}

@article{Koenig:2011ti,
      author         = "Koenig, S. and Lee, D. and Hammer, H.-W.",
      title          = "{Non-relativistic bound states in a finite volume}",
      journal        = "Annals Phys.",
      volume         = "327",
      pages          = "1450-1471",
      year           = "2012",
      eprint         = "1109.4577",
      archivePrefix  = "arXiv",
      primaryClass   = "hep-lat",
      SLACcitation   = "%%CITATION = ARXIV:1109.4577;%%",
}

@article{Bour:2011ef,
      author         = "Bour, S. and Koenig, S. and Lee, D. and Hammer, H.-W. and Meissner, Ulf-G.",
      title          = "{Topological phases for bound states moving in a finite volume}",
      journal        = "Phys.Rev.",
      volume         = "D84",
      pages          = "091503",
      doi            = "10.1103/PhysRevD.84.091503",
      year           = "2011",
      eprint         = "1107.1272",
      archivePrefix  = "arXiv",
      primaryClass   = "nucl-th",
      SLACcitation   = "%%CITATION = ARXIV:1107.1272;%%",
}

@article{Davoudi:2011md,
      author         = "Davoudi, Z. and Savage, M. J.",
      title          = "{Improving the Volume Dependence of Two-Body Binding Energies Calculated with Lattice QCD}",
      journal        = "Phys.Rev.",
      volume         = "D84",
      pages          = "114502",
      doi            = "10.1103/PhysRevD.84.114502",
      year           = "2011",
      eprint         = "1108.5371",
      archivePrefix  = "arXiv",
      primaryClass   = "hep-lat",
      reportNumber   = "NT-UW-11-19",
      SLACcitation   = "%%CITATION = ARXIV:1108.5371;%%",
}

@article{Li:2003jn,
      author         = "Li, X. and Liu, C.",
      title          = "{Two particle states in an asymmetric box}",
      journal        = "Phys.Lett.",
      volume         = "B587",
      pages          = "100-104",
      doi            = "10.1016/j.physletb.2004.02.068",
      year           = "2004",
      eprint         = "hep-lat/0311035",
      archivePrefix  = "arXiv",
      primaryClass   = "hep-lat",
      SLACcitation   = "%%CITATION = HEP-LAT/0311035;%%",
}

@article{Feng:2004ua,
      author         = "Feng, X. and Li, X. and Liu, C.",
      title          = "{Two particle states in an asymmetric box and the elastic scattering phases}",
      journal        = "Phys.Rev.",
      volume         = "D70",
      pages          = "014505",
      doi            = "10.1103/PhysRevD.70.014505",
      year           = "2004",
      eprint         = "hep-lat/0404001",
      archivePrefix  = "arXiv",
      primaryClass   = "hep-lat",
      SLACcitation   = "%%CITATION = HEP-LAT/0404001;%%",
}

@article{Rummukainen:1995vs,
      author         = "Rummukainen, K. and Gottlieb, S. A.",
      title          = "{Resonance scattering phase shifts on a nonrest frame lattice}",
      journal        = "Nucl.Phys.",
      volume         = "B450",
      pages          = "397-436",
      doi            = "10.1016/0550-3213(95)00313-H",
      year           = "1995",
      eprint         = "hep-lat/9503028",
      archivePrefix  = "arXiv",
      primaryClass   = "hep-lat",
      reportNumber   = "IUHET-297",
      SLACcitation   = "%%CITATION = HEP-LAT/9503028;%%",
}

@article{Kim:2005gf,
      author         = "Kim, C.H. and Sachrajda, C.T. and Sharpe, S. R.",
      title          = "{Finite-volume effects for two-hadron states in moving frames}",
      journal        = "Nucl.Phys.",
      volume         = "B727",
      pages          = "218-243",
      year           = "2005",
      eprint         = "hep-lat/0507006",
      archivePrefix  = "arXiv",
      primaryClass   = "hep-lat",
      reportNumber   = "UW-PT-05-16, SHEP-0518",
      SLACcitation   = "%%CITATION = HEP-LAT/0507006;%%",
}

@article{Epelbaum:2012qn,
      author         = "Epelbaum, Evgeny and Krebs, Hermann and Lahde, Timo A.
                        and Lee, Dean and Meissner, Ulf-G.",
      title          = "{Structure and rotations of the Hoyle state}",
      journal        = "Phys. Rev. Lett.",
      volume         = "109",
      year           = "2012",
      pages          = "252501",
      doi            = "10.1103/PhysRevLett.109.252501",
      eprint         = "1208.1328",
      archivePrefix  = "arXiv",
      primaryClass   = "nucl-th",
      SLACcitation   = "%%CITATION = ARXIV:1208.1328;%%"
}

@article{Epelbaum:2012iu,
      author         = "Epelbaum, Evgeny and Krebs, Hermann and Lahde, Timo A.
                        and Lee, Dean and Meißner, Ulf-G.",
      title          = "{Viability of Carbon-Based Life as a Function of the
                        Light Quark Mass}",
      journal        = "Phys. Rev. Lett.",
      volume         = "110",
      year           = "2013",
      number         = "11",
      pages          = "112502",
      doi            = "10.1103/PhysRevLett.110.112502",
      eprint         = "1212.4181",
      archivePrefix  = "arXiv",
      primaryClass   = "nucl-th",
      SLACcitation   = "%%CITATION = ARXIV:1212.4181;%%"
}

@article{Epelbaum:2013wla,
      author         = "Epelbaum, Evgeny and Krebs, Hermann and Lahde, Timo A.
                        and Lee, Dean and Meißner, Ulf-G.",
      title          = "{Dependence of the triple-alpha process on the
                        fundamental constants of nature}",
      journal        = "Eur. Phys. J.",
      volume         = "A49",
      year           = "2013",
      pages          = "82",
      doi            = "10.1140/epja/i2013-13082-y",
      eprint         = "1303.4856",
      archivePrefix  = "arXiv",
      primaryClass   = "nucl-th",
      SLACcitation   = "%%CITATION = ARXIV:1303.4856;%%"
}

@article{Lahde:2014bna,
      author         = "Lahde, Timo A. and Epelbaum, Evgeny and Krebs, Hermann
                        and Lee, Dean and Meißner, Ulf-G. and Rupak, Gautam",
      title          = "{The Hoyle state in nuclear lattice effective field
                        theory}",
      booktitle      = "{Proceedings, 58th DAE Symposium on Nuclear Physics}",
      journal        = "Pramana",
      volume         = "83",
      year           = "2014",
      number         = "5",
      pages          = "651-659",
      doi            = "10.1007/s12043-014-0861-z",
      eprint         = "1403.5451",
      archivePrefix  = "arXiv",
      primaryClass   = "nucl-th",
      SLACcitation   = "%%CITATION = ARXIV:1403.5451;%%"
}

@article{Borasoy:2007vy,
      author         = "Borasoy, B. and Epelbaum, E. and Krebs, H. and Lee, D. and Meissner, U.-G.",
      title          = "{Two-particle scattering on the lattice: Phase shifts, spin-orbit coupling, and mixing angles}",
      journal        = "Eur.Phys.J.",
      volume         = "A34",
      pages          = "185-196",
      doi            = "10.1140/epja/i2007-10500-9",
      year           = "2007",
      eprint         = "0708.1780",
      archivePrefix  = "arXiv",
      primaryClass   = "nucl-th",
      SLACcitation   = "%%CITATION = ARXIV:0708.1780;%%",
}

@article{Briceno:2012yi,
      author         = "Briceno, R. A. and Davoudi, Z.",
      title          = "{Moving Multi-Channel Systems in a Finite Volume}",
      year           = "2012",
      eprint         = "1204.1110",
      archivePrefix  = "arXiv",
      primaryClass   = "hep-lat",
      reportNumber   = "NT-UW-12-05",
      SLACcitation   = "%%CITATION = ARXIV:1204.1110;%%",
}

@article{Hansen:2012tf,
      author         = "Hansen, Maxwell T. and Sharpe, Stephen R.",
      title          = "{Multiple-channel generalization of Lellouch-Luscher
                        formula}",
      journal        = "Phys.Rev.",
      volume         = "D86",
      pages          = "016007",
      doi            = "10.1103/PhysRevD.86.016007",
      year           = "2012",
      eprint         = "1204.0826",
      archivePrefix  = "arXiv",
      primaryClass   = "hep-lat",
      SLACcitation   = "%%CITATION = ARXIV:1204.0826;%%",
}

@article{Maiani:1990ca,
      author         = "Maiani, L. and Testa, M.",
      title          = "{Final state interactions from Euclidean correlation functions}",
      journal        = "Phys.Lett.",
      volume         = "B245",
      pages          = "585-590",
      doi            = "10.1016/0370-2693(90)90695-3",
      year           = "1990",
      SLACcitation   = "%%CITATION = PHLTA,B245,585;%%",
}

@article{Lin:2001ek,
      author         = "Lin, C.J. D. and Martinelli, G. and Sachrajda, C. T. and Testa, M.",
      title          = "{K --> pi pi decays in a finite volume}",
      journal        = "Nucl.Phys.",
      volume         = "B619",
      pages          = "467-498",
      doi            = "10.1016/S0550-3213(01)00495-3",
      year           = "2001",
      eprint         = "hep-lat/0104006",
      archivePrefix  = "arXiv",
      primaryClass   = "hep-lat",
      reportNumber   = "ROMA-1395-00",
      SLACcitation   = "%%CITATION = HEP-LAT/0104006;%%",
}

%%%%%%%%%%%%%%%%%%%%%%%%%%%%%

@inproceedings{Kaplan:2005es,
      author         = "Kaplan, David B.",
      title          = "{Five lectures on effective field theory}",
      year           = "2005",
      eprint         = "nucl-th/0510023",
      archivePrefix  = "arXiv",
      primaryClass   = "nucl-th",
      SLACcitation   = "%%CITATION = NUCL-TH/0510023;%%"
}

@article{Nicholson:2012xt,
      author         = "Nicholson, Amy N. and Grabowska, Dorota and Kaplan, David
                        B.",
      title          = "{Elucidating the sign problem through noise
                        distributions}",
      booktitle      = "{Proceedings, Extreme QCD 2012 (XQCD12)}",
      year           = "2012",
      doi            = "10.1088/1742-6596/432/1/012032",
      note           = "[J. Phys. Conf. Ser.432,012032(2013)]",
      eprint         = "1210.7250",
      archivePrefix  = "arXiv",
      primaryClass   = "hep-lat",
      SLACcitation   = "%%CITATION = ARXIV:1210.7250;%%"
}

@article{Grabowska:2012ik,
      author         = "Grabowska, Dorota and Kaplan, David B. and Nicholson, Amy
                        N.",
      title          = "{Sign problems, noise, and chiral symmetry breaking in a
                        QCD-like theory}",
      journal        = "Phys. Rev.",
      volume         = "D87",
      year           = "2013",
      number         = "1",
      pages          = "014504",
      doi            = "10.1103/PhysRevD.87.014504",
      eprint         = "1208.5760",
      archivePrefix  = "arXiv",
      primaryClass   = "hep-lat",
      reportNumber   = "INT-PUB-12-040, UM-DOE-ER-40762-525",
      SLACcitation   = "%%CITATION = ARXIV:1208.5760;%%"
}

@article{Lepage:1997cs,
      author         = "Lepage, G.P.",
      title          = "{How to renormalize the Schrodinger equation}",
      journal = " Lectures given at the VIII Jorge Andre Swieca Summer School, Brazil",
      pages          = "135-180",
      year           = "1997",
      eprint         = "nucl-th/9706029",
      archivePrefix  = "arXiv",
      primaryClass   = "nucl-th",
      SLACcitation   = "%%CITATION = NUCL-TH/9706029;%%",
}

@article{Lepage:1989hf,
      author         = "Lepage, G. P.",
      title          = "{What is renormalization?}",
      journal		= "From Actions to Answers, Proceedings of the 1989 Theoretical Advanced Study Institute (TASI)",
      year           = "1989",
      eprint         = "hep-ph/0506330",
      archivePrefix  = "arXiv",
      primaryClass   = "hep-ph",
      reportNumber   = "CLNS-89-970, C89-06-04",
      SLACcitation   = "%%CITATION = HEP-PH/0506330;%%",
}

@article{Fleming:2009wb,
      author         = "Fleming, George T. and Cohen, Saul D. and Lin, Huey-Wen
                        and Pereyra, Victor",
      title          = "{Excited-State Effective Masses in Lattice QCD}",
      journal        = "Phys. Rev.",
      volume         = "D80",
      year           = "2009",
      pages          = "074506",
      doi            = "10.1103/PhysRevD.80.074506",
      eprint         = "0903.2314",
      archivePrefix  = "arXiv",
      primaryClass   = "hep-lat",
      reportNumber   = "JLAB-THY-09-957",
      SLACcitation   = "%%CITATION = ARXIV:0903.2314;%%"
}

@article{Lepage:1989hd,
      author         = "Lepage, G. P.",
      title          = "{The analysis of algorithms for lattice field theory }",
      journal = "From Actions to Answers, Proceedings of the 1989 Theoretical Advanced Study Institute (TASI)",
      year           = "1989",
      reportNumber   = "CLNS-89-971, C89-06-04",
      SLACcitation   = "%%CITATION = CLNS-89-971 ETC.;%%",
}

@article{Beane:2009kya,
      author         = "Beane, S. R. and Detmold, W. and Luu, T. C. and Orginos, K. and Parreno, A. and others",
      title          = "{High Statistics Analysis using Anisotropic Clover Lattices: (I) Single Hadron Correlation Functions}",
      journal        = "Phys.Rev.",
      volume         = "D79",
      pages          = "114502",
      doi            = "10.1103/PhysRevD.79.114502",
      year           = "2009",
      eprint         = "0903.2990",
      archivePrefix  = "arXiv",
      primaryClass   = "hep-lat",
      reportNumber   = "UNH-09-01, JLAB-THY-09-960, NT@UW-09-08, ICCUB-09-18,
                        ATHENA-PUB-09-012",
      SLACcitation   = "%%CITATION = ARXIV:0903.2990;%%",
}

@article{Beane:2011pc,
      author         = "Beane, S. R. and Chang, E. and Detmold, W. and Lin, H.W. and Luu, T.C. and others",
      title          = "{High Statistics Analysis using Anisotropic Clover Lattices: (IV) Volume Dependence of Light Hadron Masses}",
      journal        = "Phys.Rev.",
      volume         = "D84",
      pages          = "014507",
      doi            = "10.1103/PhysRevD.84.014507",
      year           = "2011",
      eprint         = "1104.4101",
      archivePrefix  = "arXiv",
      primaryClass   = "hep-lat",
      reportNumber   = "UNH-11-2, JLAB-THY-11-1364, NT-UW-11-04, IUHET-558,
                        NT-LBNL-11-009, UCB-NPAT-11-006",
      SLACcitation   = "%%CITATION = ARXIV:1104.4101;%%",
}

@article{EKLN5,
      author         = "Endres, Michael G. and Kaplan, David B. and Lee, Jong-Wan
                        and Nicholson, Amy N.",
      title          = "{Listening to Noise}",
      journal        = "PoS",
      volume         = "LATTICE2011",
      pages          = "017",
      year           = "2011",
      eprint         = "1112.4023",
      archivePrefix  = "arXiv",
      primaryClass   = "hep-lat",
      reportNumber   = "INT-PUB-11-062",
      SLACcitation   = "%%CITATION = ARXIV:1112.4023;%%",
}

@article{V1970563,
title = "Energy levels arising from resonant two-body forces in a three-body system",
journal = "Physics Letters B",
volume = "33",
number = "8",
pages = "563 - 564",
year = "1970",
note = "",
issn = "0370-2693",
doi = "10.1016/0370-2693(70)90349-7",
author = "V. N. Efimov"
}

@Article{Efimov:1971zz,
     author    = "Efimov, V. N.",
     title     = "{WEAKLY-BOUND STATES OF 3 RESONANTLY-INTERACTING
                  PARTICLES}",
     journal   = "Sov. J. Nucl. Phys.",
     volume    = "12",
     year      = "1971",
     pages     = "589",
     SLACcitation  = "%%CITATION = SJNCA,12,589;%%"
}

@article{Beane:2000wh,
      author         = "Beane, S. R. and Bedaque, Paulo F. and Childress, L. and
                        Kryjevski, A. and McGuire, J. and van Kolck, U.",
      title          = "{Singular potentials and limit cycles}",
      journal        = "Phys. Rev.",
      volume         = "A64",
      year           = "2001",
      pages          = "042103",
      doi            = "10.1103/PhysRevA.64.042103",
      eprint         = "quant-ph/0010073",
      archivePrefix  = "arXiv",
      primaryClass   = "quant-ph",
      reportNumber   = "NT-UW-00-023, DOE-ER-41132-102-INT-00, RBRC-140,
                        KRL-MAP-271",
      SLACcitation   = "%%CITATION = QUANT-PH/0010073;%%"
}

@article{Hammer:2010kp,
      author         = "Hammer, Hans-Werner and Platter, Lucas",
      title          = "{Efimov States in Nuclear and Particle Physics}",
      journal        = "Ann. Rev. Nucl. Part. Sci.",
      volume         = "60",
      year           = "2010",
      pages          = "207-236",
      doi            = "10.1146/annurev.nucl.012809.104439",
      eprint         = "1001.1981",
      archivePrefix  = "arXiv",
      primaryClass   = "nucl-th",
      SLACcitation   = "%%CITATION = ARXIV:1001.1981;%%"
}

@article{Nicholson:2012zp,
  title = {$N$-Body Efimov States from Two-Particle Noise},
  author = {Nicholson, Amy N.},
  journal = {Phys. Rev. Lett.},
  volume = {109},
  issue = {7},
  pages = {073003},
  numpages = {5},
  year = {2012},
  month = {Aug},
  doi = {10.1103/PhysRevLett.109.073003},
  url = {http://link.aps.org/doi/10.1103/PhysRevLett.109.073003},
      reportNumber   = "UM-DOE-40762-515",
      SLACcitation   = "%%CITATION = ARXIV:1202.4402;%%",
  publisher = {American Physical Society}
}

@article{Nicholson:2015zxa,
      author         = "Nicholson, Amy N.",
      title          = "{Universal noise and Efimov physics}",
      booktitle      = "{Proceedings, 21st International Conference on Few-Body
                        Problems in Physics (FB21)}",
      journal        = "EPJ Web Conf.",
      volume         = "113",
      year           = "2016",
      pages          = "03019",
      doi            = "10.1051/epjconf/201611303019",
      eprint         = "1508.07493",
      archivePrefix  = "arXiv",
      primaryClass   = "nucl-th",
      SLACcitation   = "%%CITATION = ARXIV:1508.07493;%%"
}

@article{Aubin:2011zz,
      author         = "Aubin, C. and Orginos, K.",
      title          = "{An improved method for extracting matrix elements from
                        lattice three-point functions}",
      booktitle      = "{Proceedings, 29th International Symposium on Lattice
                        field theory (Lattice 2011)}",
      journal        = "PoS",
      volume         = "LATTICE2011",
      year           = "2011",
      pages          = "148",
      SLACcitation   = "%%CITATION = POSCI,LATTICE2011,148;%%"
}

@article{GPOF1,
      author         = "Hua, Y. and Sarkar, T.",
      title          = "{Generalized pencil-of-function method for extracting poles of an em system from its transient response}",
      journal        = "IEEE Transactions on antennas and propagation",
      volume         = "37",
      year           = "1989",
      pages          = "229-234",
}

@article{GPOF2,
      author         = "Sarkar, T. and Pereira, O.",
      title          = "{Using the matrix pencil method to estimate the parameters of a sum of complex exponentials}",
      journal        = "IEEE Antennas and Propagation Magazine",
      volume         = "37",
      year           = "1995",
      pages          = "48-55",
}

@article{Blossier:2009kd,
      author         = "Blossier, Benoit and Della Morte, Michele and von Hippel,
                        Georg and Mendes, Tereza and Sommer, Rainer",
      title          = "{On the generalized eigenvalue method for energies and
                        matrix elements in lattice field theory}",
      journal        = "JHEP",
      volume         = "04",
      year           = "2009",
      pages          = "094",
      doi            = "10.1088/1126-6708/2009/04/094",
      eprint         = "0902.1265",
      archivePrefix  = "arXiv",
      primaryClass   = "hep-lat",
      reportNumber   = "DESY-09-014, SFB-CPP-09-10, MKPH-T-09-01,
                        LPT-ORSAY-09-05",
      SLACcitation   = "%%CITATION = ARXIV:0902.1265;%%"
}

@article{BerryEsseen1,
      author         = "Berry, A. C.",
      title          = "{The Accuracy of the Gaussian Approximation to the Sum of Independent Variates}",
      year           = "1941",
      journal        = "Transactions of the American Mathematical Society",
      volume         = "49",
      number	= "1",
      pages          = "122-136",
      }

@article{BerryEsseen2,
      author         = "Esseen, C.-G.",
      title          = "{On the Liapunoff limit of error in the theory of probability}",
      year           = "1942",
      journal        = "Arkiv få—· matematik, astronomi och fysik",
      volume         = "A28",
      pages          = "1-19",
      }

@article{DeGrand:2012ik,
      author         = "DeGrand, Thomas",
      title          = "{Log-normal distribution for correlators in lattice
                        QCD?}",
      journal        = "Phys.Rev.",
      volume         = "D86",
      pages          = "014512",
      doi            = "10.1103/PhysRevD.86.014512",
      year           = "2012",
      eprint         = "1204.4664",
      archivePrefix  = "arXiv",
      primaryClass   = "hep-lat",
      reportNumber   = "COLO-HEP-573",
      SLACcitation   = "%%CITATION = ARXIV:1204.4664;%%",
}

@article{Luu:2011ep,
      author         = "Luu, T. and Savage, M. J.",
      title          = "{Extracting Scattering Phase-Shifts in Higher
                        Partial-Waves from Lattice QCD Calculations}",
      journal        = "Phys.Rev.",
      volume         = "D83",
      pages          = "114508",
      doi            = "10.1103/PhysRevD.83.114508",
      year           = "2011",
      eprint         = "1101.3347",
      archivePrefix  = "arXiv",
      primaryClass   = "hep-lat",
      SLACcitation   = "%%CITATION = ARXIV:1101.3347;%%",
}

@ARTICLE{2004cond.mat.12764T,
   author = {{Tan}, S.},
    title = "{Short Range Scaling Laws of Quantum Gases With Contact Interactions}",
  journal = {eprint arXiv:cond-mat/0412764},
   eprint = {arXiv:cond-mat/0412764},
 keywords = {Condensed Matter - Statistical Mechanics},
     year = 2004,
    month = dec,
   adsurl = {http://adsabs.harvard.edu/abs/2004cond.mat.12764T},
  adsnote = {Provided by the SAO/NASA Astrophysics Data System}
}

@book{Symanzik1,
	Address = {New York},
	Author = {K. Symanzik in},
	Publisher = {Plenum},
	Title = {Recent Developments in Gauge Theories},
	Year = {1980},
	note = {edited by G. 't Hooft {\it et al}.}
}

@book{Symanzik2,
	Address = {New York},
	Author = {K. Symanzik in},
	Publisher = {Springer},
	Title = {Mathematical Problems in Theoretical Physics},
	Year = {1982},
	note = {edited by R. Schrader {\it et al}.}
}

@article{Symanzik3,
title = "Continuum limit and improved action in lattice theories: (I). Principles and $\phi^4$ theory",
journal = "Nuclear Physics B",
volume = "226",
number = "1",
pages = "187 - 204",
year = "1983",
note = "",
issn = "0550-3213",
doi = "10.1016/0550-3213(83)90468-6",
url = "http://www.sciencedirect.com/science/article/pii/0550321383904686",
author = "K. Symanzik"
}

@article{Symanzik4,
title = "Continuum limit and improved action in lattice theories: (II). O(N) non-linear sigma model in perturbation theory",
journal = "Nuclear Physics B",
volume = "226",
number = "1",
pages = "205 - 227",
year = "1983",
note = "",
issn = "0550-3213",
doi = "10.1016/0550-3213(83)90469-8",
url = "http://www.sciencedirect.com/science/article/pii/0550321383904698",
author = "K. Symanzik"
}

@ARTICLE{2006PhRvL..97o0401W,
   author = {{Werner}, F. and {Castin}, Y.},
    title = "{Unitary Quantum Three-Body Problem in a Harmonic Trap}",
  journal = {Phys. Rev. Lett.},
   eprint = {arXiv:cond-mat/0507399},
 keywords = {Degenerate Fermi gases, Boson systems},
     year = 2006,
    month = oct,
   volume = 97,
   number = 15,
      eid = {150401},
    pages = {150401},
      doi = {10.1103/PhysRevLett.97.150401},
   adsurl = {http://adsabs.harvard.edu/abs/2006PhRvL..97o0401W},
  adsnote = {Provided by the SAO/NASA Astrophysics Data System}
}

@ARTICLE{2007PhRvL..99w3201B,
   author = {{Blume}, D. and {von Stecher}, J. and {Greene}, C.~H.},
    title = "{Universal Properties of a Trapped Two-Component Fermi Gas at Unitarity}",
  journal = {Physical Review Letters},
archivePrefix = "arXiv",
   eprint = {0708.2734},
 primaryClass = "cond-mat.other",
 keywords = {General theories and models of atomic and molecular collisions and interactions, Degenerate Fermi gases, Fermion systems and electron gas},
     year = 2007,
    month = dec,
   volume = 99,
   number = 23,
      eid = {233201},
    pages = {233201},
      doi = {10.1103/PhysRevLett.99.233201},
   adsurl = {http://adsabs.harvard.edu/abs/2007PhRvL..99w3201B},
  adsnote = {Provided by the SAO/NASA Astrophysics Data System}
}

@ARTICLE{2011CRPhy..12...86B,
   author = {{Blume}, D. and {Daily}, K.~M.},
    title = "{Trapped two-component Fermi gases with up to six particles: Energetics, structural properties, and molecular condensate fraction}",
  journal = {Comptes Rendus Physique},
archivePrefix = "arXiv",
   eprint = {1008.3191},
 primaryClass = "cond-mat.quant-gas",
     year = 2011,
    month = jan,
   volume = 12,
    pages = {86-109},
   adsurl = {http://adsabs.harvard.edu/abs/2011CRPhy..12...86B},
  adsnote = {Provided by the SAO/NASA Astrophysics Data System}
}

@ARTICLE{2015PhRvA..92a3608Y,
   author = {{Yin}, X.~Y. and {Blume}, D.},
    title = "{Trapped unitary two-component Fermi gases with up to ten particles}",
  journal = {\pra},
archivePrefix = "arXiv",
   eprint = {1504.04414},
 primaryClass = "cond-mat.quant-gas",
 keywords = {Degenerate Fermi gases, Elastic, ultracold collisions},
     year = 2015,
    month = jul,
   volume = 92,
   number = 1,
      eid = {013608},
    pages = {013608},
      doi = {10.1103/PhysRevA.92.013608},
   adsurl = {http://adsabs.harvard.edu/abs/2015PhRvA..92a3608Y},
  adsnote = {Provided by the SAO/NASA Astrophysics Data System}
}

@article{Bour:2011xt,
      author         = "Bour, S. and Li, X. and Lee, D. and Meissner, U.-G. and Mitas, L.",
      title          = "{Precision benchmark calculations for four particles at unitarity}",
      journal        = "Phys.Rev.",
      volume         = "A83",
      pages          = "063619",
      doi            = "10.1103/PhysRevA.83.063619",
      year           = "2011",
      eprint         = "1104.2102",
      archivePrefix  = "arXiv",
      primaryClass   = "cond-mat.quant-gas",
      SLACcitation   = "%%CITATION = ARXIV:1104.2102;%%",
}

@ARTICLE{2007JPhA...4012863P,
   author = {{Pricoupenko}, L. and {Castin}, Y.},
    title = "{Three fermions in a box at the unitary limit: universality in a lattice model}",
  journal = {Journal of Physics A Mathematical General},
archivePrefix = "arXiv",
   eprint = {0705.1502},
 primaryClass = "cond-mat.other",
     year = 2007,
    month = oct,
   volume = 40,
    pages = {12863-12872},
      doi = {10.1088/1751-8113/40/43/003},
   adsurl = {http://adsabs.harvard.edu/abs/2007JPhA...4012863P},
  adsnote = {Provided by the SAO/NASA Astrophysics Data System}
}

%%%%%%%%%%%%%%%%%%%%%%%%%%%%%%%%%%%%%%%%%%%%%%%%%%%

@article{PhysRevB.55.15153,
  author = {Engelbrecht, J. R. and Randeria, M. and S\'a de Melo, C. A. R.},
  volume = {55},
  journal = {Phys. Rev. B},
  month = {Jun},
  title = {BCS to Bose crossover: Broken-symmetry state},
  year = {1997},
  url = {http://link.aps.org/doi/10.1103/PhysRevB.55.15153},
  doi = {10.1103/PhysRevB.55.15153},
  issue = {22},
  publisher = {American Physical Society},
  pages = {15153--15156}
}

@article{PhysRevA.70.043602,
  author = {Chang, S. Y. and Pandharipande, V. R. and Carlson, J. and Schmidt, K. E.},
  volume = {70},
  journal = {Phys. Rev. A},
  month = {Oct},
  numpages = {11},
  title = {Quantum Monte Carlo studies of superfluid Fermi gases},
  year = {2004},
  url = {http://link.aps.org/doi/10.1103/PhysRevA.70.043602},
  doi = {10.1103/PhysRevA.70.043602},
  issue = {4},
  publisher = {American Physical Society},
  pages = {043602}
}


@article{PhysRevC.60.054311,
  author = {Baker, G. A.},
  volume = {60},
  journal = {Phys. Rev. C},
  month = {Oct},
  numpages = {6},
  title = {Neutron matter model},
  year = {1999},
  url = {http://link.aps.org/doi/10.1103/PhysRevC.60.054311},
  doi = {10.1103/PhysRevC.60.054311},
  issue = {5},
  publisher = {American Physical Society},
  pages = {054311}
}


@article{PhysRevLett.93.050401,
  author = {Bourdel, T. and Khaykovich, L. and Cubizolles, J. and Zhang, J. and Chevy, F. and Teichmann, M. and Tarruell, L. and Kokkelmans, S. J. J. M. F. and Salomon, C.},
  volume = {93},
  journal = {Phys. Rev. Lett.},
  month = {Jul},
  numpages = {4},
  title = {Experimental Study of the BEC-BCS Crossover Region in Lithium 6},
  year = {2004},
  url = {http://link.aps.org/doi/10.1103/PhysRevLett.93.050401},
  doi = {10.1103/PhysRevLett.93.050401},
  issue = {5},
  publisher = {American Physical Society},
  pages = {050401}
}


@article{PhysRevLett.93.200404,
  author = {Astrakharchik, G. E. and Boronat, J. and Casulleras, J. and Giorgini, S.},
  volume = {93},
  journal = {Phys. Rev. Lett.},
  month = {Nov},
  numpages = {4},
  title = {Equation of State of a Fermi Gas in the BEC-BCS Crossover: A Quantum Monte Carlo Study},
  year = {2004},
  url = {http://link.aps.org/doi/10.1103/PhysRevLett.93.200404},
  doi = {10.1103/PhysRevLett.93.200404},
  issue = {20},
  publisher = {American Physical Society},
  pages = {200404}
}

@article{PhysRevLett.95.060401,
  author = {Carlson, J. and Reddy, Sanjay},
  volume = {95},
  journal = {Phys. Rev. Lett.},
  month = {Aug},
  numpages = {4},
  title = {Asymmetric Two-Component Fermion Systems in Strong Coupling},
  year = {2005},
  url = {http://link.aps.org/doi/10.1103/PhysRevLett.95.060401},
  doi = {10.1103/PhysRevLett.95.060401},
  issue = {6},
  publisher = {American Physical Society},
  pages = {060401}
}

@article{2000nucl.th..10066S,
      author         = "Steele, James V.",
      title          = "{Effective field theory power counting at finite
                        density}",
      year           = "2000",
      eprint         = "nucl-th/0010066",
      archivePrefix  = "arXiv",
      primaryClass   = "nucl-th",
      reportNumber   = "MIT-CTP-3033",
      SLACcitation   = "%%CITATION = NUCL-TH/0010066;%%",
}

@article{PhysRevC.73.015202,
  author = {Lee, D. and Sch\"afer, T.},
  volume = {73},
  journal = {Phys. Rev. C},
  month = {Jan},
  numpages = {7},
  title = {Cold dilute neutron matter on the lattice. II. Results in the unitary limit},
  year = {2006},
  url = {http://link.aps.org/doi/10.1103/PhysRevC.73.015202},
  doi = {10.1103/PhysRevC.73.015202},
  issue = {1},
  publisher = {American Physical Society},
  pages = {015202}
}

@article{PhysRevLett.96.090404,
  author = {Bulgac, A. and Drut, J. E. and Magierski, P.},
  volume = {96},
  journal = {Phys. Rev. Lett.},
  month = {Mar},
  numpages = {4},
  title = {Spin $1/2$ Fermions in the Unitary Regime: A Superfluid of a New Type},
  year = {2006},
  url = {http://link.aps.org/doi/10.1103/PhysRevLett.96.090404},
  doi = {10.1103/PhysRevLett.96.090404},
  issue = {9},
  publisher = {American Physical Society},
  pages = {090404}
}


@article{PhysRevLett.93.100404,
  author = {Perali, A. and Pieri, P. and Strinati, G. C.},
  volume = {93},
  journal = {Phys. Rev. Lett.},
  month = {Sep},
  numpages = {4},
  title = {Quantitative Comparison between Theoretical Predictions and Experimental Results for the BCS-BEC Crossover},
  year = {2004},
  url = {http://link.aps.org/doi/10.1103/PhysRevLett.93.100404},
  doi = {10.1103/PhysRevLett.93.100404},
  issue = {10},
  publisher = {American Physical Society},
  pages = {100404}
}


@article{PhysRevLett.95.250404,
  author = {Regal, C. A. and Greiner, M. and Giorgini, S. and Holland, M. and Jin, D. S.},
  volume = {95},
  journal = {Phys. Rev. Lett.},
  month = {Dec},
  numpages = {4},
  title = {Momentum Distribution of a Fermi Gas of Atoms in the BCS-BEC Crossover},
  year = {2005},
  url = {http://link.aps.org/doi/10.1103/PhysRevLett.95.250404},
  doi = {10.1103/PhysRevLett.95.250404},
  issue = {25},
  publisher = {American Physical Society},
  pages = {250404}
}


@article{PhysRevB.73.115112,
  author = {Lee, D.},
  volume = {73},
  journal = {Phys. Rev. B},
  month = {Mar},
  numpages = {7},
  title = {Ground-state energy of spin-$\frac{1}{2}$ fermions in the unitary limit},
  year = {2006},
  url = {http://link.aps.org/doi/10.1103/PhysRevB.73.115112},
  doi = {10.1103/PhysRevB.73.115112},
  issue = {11},
  publisher = {American Physical Society},
  pages = {115112}
}


@ARTICLE{2005NuPhA.762...82S,
   author = {{Sch{\"a}fer}, T. and {Kao}, C.-W. and {Cotanch}, S.~R.},
    title = "{Many body methods and effective field theory}",
  journal = {Nuclear Physics A},
   eprint = {arXiv:nucl-th/0504088},
     year = 2005,
    month = nov,
   volume = 762,
    pages = {82-101},
      doi = {10.1016/j.nuclphysa.2005.08.006},
   adsurl = {http://adsabs.harvard.edu/abs/2005NuPhA.762...82S},
  adsnote = {Provided by the SAO/NASA Astrophysics Data System}
}


@article{PhysRevLett.97.220406,
  author = {Stewart, J. T. and Gaebler, J. P. and Regal, C. A. and Jin, D. S.},
  volume = {97},
  journal = {Phys. Rev. Lett.},
  month = {Nov},
  numpages = {4},
  title = {Potential Energy of a $^{40}\mathrm{K}$ Fermi Gas in the BCS-BEC Crossover},
  year = {2006},
  url = {http://link.aps.org/doi/10.1103/PhysRevLett.97.220406},
  doi = {10.1103/PhysRevLett.97.220406},
  issue = {22},
  publisher = {American Physical Society},
  pages = {220406}
}

  	
@article{1367-2630-9-6-163,
  author={O. Juillet},
  title={Sign-free stochastic mean-field approach to strongly correlated phases of ultracold fermions},
  journal={New Journal of Physics},
  volume={9},
  number={6},
  pages={163},
  url={http://stacks.iop.org/1367-2630/9/i=6/a=163},
  year={2007},
}


@article{springerlink:10.1007/s10909-008-9850-2,
   author = {Luo, L. and Thomas, J.},
   affiliation = {Duke University Department of Physics Durham NC 27708 USA},
   title = {Thermodynamic Measurements inÂ aÂ Strongly Interacting FermiÂ Gas},
   journal = {Journal of Low Temperature Physics},
   publisher = {Springer Netherlands},
   issn = {0022-2291},
   keyword = {Physics and Astronomy},
   pages = {1-29},
   volume = {154},
   issue = {1},
   url = {http://dx.doi.org/10.1007/s10909-008-9850-2},
   note = {10.1007/s10909-008-9850-2},
   year = {2009}
}

@article{springerlink:10.1140/epja/i2008-10537-2,
   author = {Lee, D.},
   affiliation = {North Carolina State University Department of Physics 27695 Raleigh NC USA},
   title = {The symmetric heavy-light ansatz},
   journal = {The European Physical Journal A - Hadrons and Nuclei},
   publisher = {Springer Berlin / Heidelberg},
   issn = {1434-6001},
   keyword = {Physics and Astronomy},
   pages = {171-187},
   volume = {35},
   issue = {2},
   url = {http://dx.doi.org/10.1140/epja/i2008-10537-2},
   note = {10.1140/epja/i2008-10537-2},
   year = {2008}
}

@article{Navon07052010,
author = {Navon, N. and Nascimb\`ene, S. and Chevy, F. and Salomon, C.}, 
title = {The Equation of State of a Low-Temperature Fermi Gas with Tunable Interactions}, 
volume = {328}, 
number = {5979}, 
pages = {729-732}, 
year = {2010}, 
doi = {10.1126/science.1187582}, 
URL = {http://www.sciencemag.org/content/328/5979/729.abstract}, 
eprint = {http://www.sciencemag.org/content/328/5979/729.full.pdf}, 
journal = {Science} 
}


@article{PhysRevA.72.041603,
  author = {Papenbrock, T.},
  volume = {72},
  journal = {Phys. Rev. A},
  month = {Oct},
  numpages = {4},
  title = {Density-functional theory for fermions in the unitary regime},
  year = {2005},
  url = {http://link.aps.org/doi/10.1103/PhysRevA.72.041603},
  doi = {10.1103/PhysRevA.72.041603},
  issue = {4},
  publisher = {American Physical Society},
  pages = {041603}
}


@ARTICLE{2010Natur.463.1057N,
   author = {{Nascimb{\`e}ne}, S. and {Navon}, N. and {Jiang}, K.~J. and 
	{Chevy}, F. and {Salomon}, C.},
    title = "{Exploring the thermodynamics of a universal Fermi gas}",
  journal = {Nature},
archivePrefix = "arXiv",
   eprint = {0911.0747},
 primaryClass = "cond-mat.quant-gas",
     year = 2010,
    month = feb,
   volume = 463,
    pages = {1057-1060},
      doi = {10.1038/nature08814},
   adsurl = {http://adsabs.harvard.edu/abs/2010Natur.463.1057N},
  adsnote = {Provided by the SAO/NASA Astrophysics Data System}
}


@article{PhysRevLett.97.050403,
  author = {Nishida, Y. and Son, D. T.},
  volume = {97},
  journal = {Phys. Rev. Lett.},
  month = {Aug},
  numpages = {4},
  title = {$Ïµ$ Expansion for a Fermi Gas at Infinite Scattering Length},
  year = {2006},
  url = {http://link.aps.org/doi/10.1103/PhysRevLett.97.050403},
  doi = {10.1103/PhysRevLett.97.050403},
  issue = {5},
  publisher = {American Physical Society},
  pages = {050403}
}


@ARTICLE{Ku12012012,
   author = {{Ku}, M.~J.~H. and {Sommer}, A.~T. and {Cheuk}, L.~W. and {Zwierlein}, M.~W.
	},
    title = "{Revealing the Superfluid Lambda Transition in the Universal Thermodynamics of a Unitary Fermi Gas}",
  journal = {Science},
archivePrefix = "arXiv",
   eprint = {1110.3309},
 primaryClass = "cond-mat.quant-gas",
     year = 2012,
    month = feb,
   volume = 335,
    pages = {563-},
      doi = {10.1126/science.1214987},
   adsurl = {http://adsabs.harvard.edu/abs/2012Sci...335..563K},
  adsnote = {Provided by the SAO/NASA Astrophysics Data System}
}

@article{PhysRevA.75.023610,
  author = {Haussmann, R. and Rantner, W. and Cerrito, S. and Zwerger, W.},
  volume = {75},
  journal = {Phys. Rev. A},
  month = {Feb},
  numpages = {22},
  title = {Thermodynamics of the BCS-BEC crossover},
  year = {2007},
  url = {http://link.aps.org/doi/10.1103/PhysRevA.75.023610},
  doi = {10.1103/PhysRevA.75.023610},
  issue = {2},
  publisher = {American Physical Society},
  pages = {023610}
}


@article{PhysRevA.75.043614,
  author = {Veillette, M. Y. and Sheehy, D. E. and Radzihovsky, L.},
  volume = {75},
  journal = {Phys. Rev. A},
  month = {Apr},
  numpages = {13},
  title = {Large-$N$ expansion for unitary superfluid Fermi gases},
  year = {2007},
  url = {http://link.aps.org/doi/10.1103/PhysRevA.75.043614},
  doi = {10.1103/PhysRevA.75.043614},
  issue = {4},
  publisher = {American Physical Society},
  pages = {043614}
}


@article{PhysRevC.79.054003,
  author = {Abe, T. and Seki, R.},
  volume = {79},
  journal = {Phys. Rev. C},
  month = {May},
  numpages = {7},
  title = {From low-density neutron matter to the unitary limit},
  year = {2009},
  url = {http://link.aps.org/doi/10.1103/PhysRevC.79.054003},
  doi = {10.1103/PhysRevC.79.054003},
  issue = {5},
  publisher = {American Physical Society},
  pages = {054003}
}


@article{PhysRevLett.103.210403,
  author = {Magierski, P. and Wlaz\l{}owski, G. and Bulgac, A. and Drut, J. E.},
  volume = {103},
  journal = {Phys. Rev. Lett.},
  month = {Nov},
  numpages = {4},
  title = {Finite-Temperature Pairing Gap of a Unitary Fermi Gas by Quantum Monte~Carlo Calculations},
  year = {2009},
  url = {http://link.aps.org/doi/10.1103/PhysRevLett.103.210403},
  doi = {10.1103/PhysRevLett.103.210403},
  issue = {21},
  publisher = {American Physical Society},
  pages = {210403}
}

@article{PhysRevLett.106.235303,
  author = {Forbes, M. M. and Gandolfi, S. and Gezerlis, A.},
  volume = {106},
  journal = {Phys. Rev. Lett.},
  month = {Jun},
  numpages = {4},
  title = {Resonantly Interacting Fermions in a Box},
  year = {2011},
  url = {http://link.aps.org/doi/10.1103/PhysRevLett.106.235303},
  doi = {10.1103/PhysRevLett.106.235303},
  issue = {23},
  publisher = {American Physical Society},
  pages = {235303}
}


@article{PhysRevA.84.023615,
  title = {Atomic Fermi gas in the unitary limit by quantum Monte Carlo methods: Effects of the interaction range},
  author = {Li, X. and Koloren\ifmmode \check{c}\else \v{c}\fi{}, J. and Mitas, L.},
  journal = {Phys. Rev. A},
  volume = {84},
  issue = {2},
  pages = {023615},
  numpages = {6},
  year = {2011},
  month = {Aug},
  doi = {10.1103/PhysRevA.84.023615},
  url = {http://link.aps.org/doi/10.1103/PhysRevA.84.023615},
  publisher = {American Physical Society}
} 


@article{PhysRevA.75.063617,
  author = {Nishida, Y. and Son, D. T.},
  volume = {75},
  journal = {Phys. Rev. A},
  month = {Jun},
  numpages = {22},
  title = {Fermi gas near unitarity around four and two spatial dimensions},
  year = {2007},
  url = {http://link.aps.org/doi/10.1103/PhysRevA.75.063617},
  doi = {10.1103/PhysRevA.75.063617},
  issue = {6},
  publisher = {American Physical Society},
  pages = {063617}
}


@article{PhysRevA.84.061602,
  author = {Carlson, J. and Gandolfi, S. and Schmidt, K. E. and Zhang, S.},
  volume = {84},
  journal = {Phys. Rev. A},
  month = {Dec},
  numpages = {5},
  title = {Auxiliary-field quantum Monte Carlo method for strongly paired fermions},
  year = {2011},
  url = {http://link.aps.org/doi/10.1103/PhysRevA.84.061602},
  doi = {10.1103/PhysRevA.84.061602},
  issue = {6},
  publisher = {American Physical Society},
  pages = {061602}
}


@article{0256-307X-24-7-011,
  author={Chen Ji-Sheng},
  title={Ground State Energy of Unitary Fermion Gas with the Thomson Problem Approach},
  journal={Chinese Physics Letters},
  volume={24},
  number={7},
  pages={1825},
  url={http://stacks.iop.org/0256-307X/24/i=7/a=011},
  year={2007},
 }


@article{PhysRevA.79.013627,
  author = {Nishida, Y.},
  volume = {79},
  journal = {Phys. Rev. A},
  month = {Jan},
  numpages = {5},
  title = {Ground-state energy of the unitary Fermi gas from the $\epsilon$ expansion},
  year = {2009},
  url = {http://link.aps.org/doi/10.1103/PhysRevA.79.013627},
  doi = {10.1103/PhysRevA.79.013627},
  issue = {1},
  publisher = {American Physical Society},
  pages = {013627}
}

%%%%%%%%%%%%%%%%%%%%%%%%%%%%%%%%%%%%%%%%%%%%%%%%%%%

@ARTICLE{1935RSPSA.148..146B,
   author = {{Bethe}, H. and {Peierls}, R.},
    title = "{Quantum Theory of the Diplon}",
  journal = {Proceedings of the Royal Society of London.~Series A, Mathematical and Physical Sciences, Volume 148, Issue 863, pp.~146-156},
     year = 1935,
    month = jan,
   volume = 148,
    pages = {146-156},
   adsurl = {http://adsabs.harvard.edu/abs/1935RSPSA.148..146B},
  adsnote = {Provided by the SAO/NASA Astrophysics Data System}
}

%%%%%%%%%%%%%%%%%%%%%%%%%%%%%%%%%%%%%%%%%%%%%%%%%%%

@article{Detmold:2008gh,
      author         = "Detmold, W. and Savage, M. J.",
      title          = "{The Energy of $n$ Identical Bosons in a Finite Volume at
                        O($L^{-7}$)}",
      journal        = "Phys.Rev.",
      volume         = "D77",
      pages          = "057502",
      doi            = "10.1103/PhysRevD.77.057502",
      year           = "2008",
      eprint         = "0801.0763",
      archivePrefix  = "arXiv",
      primaryClass   = "hep-lat",
      reportNumber   = "NT@UW-08-01",
      SLACcitation   = "%%CITATION = ARXIV:0801.0763;%%",
}

@article{Beane:2007es,
      author         = "Beane, S. R. and Detmold, W. and Luu, Thomas C.
                        and Orginos, K. and Savage, M. J. and others",
      title          = "{Multi-Pion Systems in Lattice QCD and the Three-Pion
                        Interaction}",
      journal        = "Phys.Rev.Lett.",
      volume         = "100",
      pages          = "082004",
      doi            = "10.1103/PhysRevLett.100.082004",
      year           = "2008",
      eprint         = "0710.1827",
      archivePrefix  = "arXiv",
      primaryClass   = "hep-lat",
      reportNumber   = "NT-UW-07-15, UNH-07-04, UCRL-JRNL-2325354,
                        JLAB-THY-07-735",
      SLACcitation   = "%%CITATION = ARXIV:0710.1827;%%",
}

@article{Detmold:2008fn,
      author         = "Detmold, W. and Savage, M. J. and Torok, A.
                        and Beane, S. R. and Luu, T. C. and others",
      title          = "{Multi-Pion States in Lattice QCD and the Charged-Pion
                        Condensate}",
      journal        = "Phys.Rev.",
      volume         = "D78",
      pages          = "014507",
      doi            = "10.1103/PhysRevD.78.014507",
      year           = "2008",
      eprint         = "0803.2728",
      archivePrefix  = "arXiv",
      primaryClass   = "hep-lat",
      reportNumber   = "NT@UW-08-06, LLNL-JRNL-402365, UNH-08-01,
                        JLAB-THY-08-803",
      SLACcitation   = "%%CITATION = ARXIV:0803.2728;%%",
}

@article{Detmold:2008yn,
      author         = "Detmold, W. and Orginos, K. and Savage, M.
                        J. and Walker-Loud, A.",
      title          = "{Kaon Condensation with Lattice QCD}",
      journal        = "Phys.Rev.",
      volume         = "D78",
      pages          = "054514",
      doi            = "10.1103/PhysRevD.78.054514",
      year           = "2008",
      eprint         = "0807.1856",
      archivePrefix  = "arXiv",
      primaryClass   = "hep-lat",
      reportNumber   = "JLAB-THY-08-849, NT@UW-08-13, UMD-40762-414",
      SLACcitation   = "%%CITATION = ARXIV:0807.1856;%%",
}

@article{Detmold:2011kw,
      author         = "Detmold, W. and Smigielski, B.",
      title          = "{Lattice QCD study of mixed systems of pions and kaons}",
      journal        = "Phys.Rev.",
      volume         = "D84",
      pages          = "014508",
      year           = "2011",
      eprint         = "1103.4362",
      archivePrefix  = "arXiv",
      primaryClass   = "hep-lat",
      reportNumber   = "JLAB-THY-11-1332",
      SLACcitation   = "%%CITATION = ARXIV:1103.4362;%%",
}

@article{Detmold:2012wc,
      author         = "Detmold, William and Orginos, Kostas and Shi, Zhifeng",
      title          = "{Lattice QCD at non-zero isospin chemical potential}",
      journal        = "Phys.Rev.",
      volume         = "D86",
      pages          = "054507",
      doi            = "10.1103/PhysRevD.86.054507",
      year           = "2012",
      eprint         = "1205.4224",
      archivePrefix  = "arXiv",
      primaryClass   = "hep-lat",
      reportNumber   = "JLAB-THY-12-1548",
      SLACcitation   = "%%CITATION = ARXIV:1205.4224;%%",
}

@ARTICLE{2010AnPhy.325.1644S,
   author = {{Stetcu}, I. and {Rotureau}, J. and {Barrett}, B.~R. and {van Kolck}, U.
	},
    title = "{An effective field theory approach to two trapped particles}",
  journal = {Annals of Physics},
archivePrefix = "arXiv",
   eprint = {1001.5071},
 primaryClass = "cond-mat.quant-gas",
     year = 2010,
    month = aug,
   volume = 325,
    pages = {1644-1666},
      doi = {10.1016/j.aop.2010.02.008},
   adsurl = {http://adsabs.harvard.edu/abs/2010AnPhy.325.1644S},
  adsnote = {Provided by the SAO/NASA Astrophysics Data System}
}

@article{Haxton:2007hx,
      author         = "Haxton, W.C.",
      title          = "{The Form of the Effective Interaction in
                        Harmonic-Oscillator-Based Effective Theory}",
      journal        = "Phys.Rev.",
      volume         = "C77",
      pages          = "034005",
      doi            = "10.1103/PhysRevC.77.034005",
      year           = "2008",
      eprint         = "0710.0289",
      archivePrefix  = "arXiv",
      primaryClass   = "nucl-th",
      SLACcitation   = "%%CITATION = ARXIV:0710.0289;%%",
}

@article{Haxton:2002kb,
      author         = "Haxton, W.C. and Luu, T.",
      title          = "{Perturbative effective theory in an oscillator basis?}",
      journal        = "Phys.Rev.Lett.",
      volume         = "89",
      pages          = "182503",
      doi            = "10.1103/PhysRevLett.89.182503",
      year           = "2002",
      eprint         = "nucl-th/0204072",
      archivePrefix  = "arXiv",
      primaryClass   = "nucl-th",
      SLACcitation   = "%%CITATION = NUCL-TH/0204072;%%",
}

@article{Stetcu:2006ey,
      author         = "Stetcu, I. and Barrett, B.R. and van Kolck, U.",
      title          = "{No-core shell model in an effective-field-theory
                        framework}",
      journal        = "Phys.Lett.",
      volume         = "B653",
      pages          = "358-362",
      doi            = "10.1016/j.physletb.2007.07.065",
      year           = "2007",
      eprint         = "nucl-th/0609023",
      archivePrefix  = "arXiv",
      primaryClass   = "nucl-th",
      SLACcitation   = "%%CITATION = NUCL-TH/0609023;%%",
}

@ARTICLE{2007PhRvL..98j3202L,
   author = {{Luu}, T. and {Schwenk}, A.},
    title = "{Three-Fermion Problems in Optical Lattices}",
  journal = {Physical Review Letters},
   eprint = {arXiv:cond-mat/0606069},
 keywords = {Interatomic potentials and forces, Solutions of wave equations: bound states, Fermion systems and electron gas, Few-body systems},
     year = 2007,
    month = mar,
   volume = 98,
   number = 10,
      eid = {103202},
    pages = {103202},
      doi = {10.1103/PhysRevLett.98.103202},
   adsurl = {http://adsabs.harvard.edu/abs/2007PhRvL..98j3202L},
  adsnote = {Provided by the SAO/NASA Astrophysics Data System}
}

@ARTICLE{2007PhRvA..76f3613S,
   author = {{Stetcu}, I. and {Barrett}, B.~R. and {van Kolck}, U. and {Vary}, J.~P.
	},
    title = "{Effective theory for trapped few-fermion systems}",
      journal        = "Phys.Rev.",
      volume         = "A76",
archivePrefix = "arXiv",
   eprint = {0705.4335},
     year = 2007,
    month = dec,
   number = 6,
      eid = {063613},
    pages = {063613},
      doi = {10.1103/PhysRevA.76.063613},
   adsurl = {http://adsabs.harvard.edu/abs/2007PhRvA..76f3613S},
  adsnote = {Provided by the SAO/NASA Astrophysics Data System}
}

@ARTICLE{2010JPhG...37f4033S,
   author = {{Stetcu}, I. and {Rotureau}, J. and {Barrett}, B.~R. and {van Kolck}, U.
	},
    title = "{Effective interactions for light nuclei: an effective (field theory) approach}",
  journal = {Journal of Physics G Nuclear Physics},
archivePrefix = "arXiv",
   eprint = {0912.3015},
 primaryClass = "nucl-th",
     year = 2010,
    month = jun,
   volume = 37,
   number = 6,
    pages = {064033},
      doi = {10.1088/0954-3899/37/6/064033},
   adsurl = {http://adsabs.harvard.edu/abs/2010JPhG...37f4033S},
  adsnote = {Provided by the SAO/NASA Astrophysics Data System}
}

@ARTICLE{Kolck2009,
   author = {{van Kolck}, U.
	},
    title = "{Nuclear Physics from QCD}",
  journal = {talk given at DOE workshop Forefront
Questions in Nuclear Science and the Role of High Performance Computing},
     year = 2009,
    month = jan, 
   adsurl = {http://extremecomputing.labworks.org/nuclearphysics/index.stm},
}

@article{STM:1956,
	Author = {G.V.~Skornyakov and K.A.~Ter-Martirosyan},
	Journal = {Sov. Phys. JETP},
	Optpages = {648},
	Optvolume = {4},
	Year = {1957}
}

@article{PhysRevA.67.010703,
  title = {Three-body problem in Fermi gases with short-range interparticle interaction},
  author = {Petrov, D. S.},
  journal = {Phys. Rev. A},
  volume = {67},
  issue = {1},
  pages = {010703},
  numpages = {4},
  year = {2003},
  month = {Jan},
  doi = {10.1103/PhysRevA.67.010703},
  url = {http://link.aps.org/doi/10.1103/PhysRevA.67.010703},
  publisher = {American Physical Society}
}

@article{Petrov:2005zz,
      author         = "Petrov, D. S. and Salomon, C. and Shlyapnikov, G. V.",
      title          = "{Scattering properties of weakly bound dimers of
                        fermionic atoms}",
      journal        = "Phys.Rev.",
      volume         = "A71",
      pages          = "012708",
      doi            = "10.1103/PhysRevA.71.012708",
      year           = "2005",
      eprint         = "cond-mat/0407579",
      archivePrefix  = "arXiv",
      primaryClass   = "cond-mat.stat-mech",
      reportNumber   = "NSF-KITP-04-88",
      SLACcitation   = "%%CITATION = COND-MAT/0407579;%%",
}

@article{Bour:2012hn,
      author         = "Bour, Shahin and Hammer, H.-W. and Lee, Dean and
                        Meissner, Ulf-G.",
      title          = "{Benchmark calculations for elastic fermion-dimer
                        scattering}",
      journal        = "Phys.Rev.",
      volume         = "C86",
      pages          = "034003",
      doi            = "10.1103/PhysRevC.86.034003",
      year           = "2012",
      eprint         = "1206.1765",
      archivePrefix  = "arXiv",
      primaryClass   = "nucl-th",
      SLACcitation   = "%%CITATION = ARXIV:1206.1765;%%",
}

@article{Chang:2007zzd,
      author         = "Chang, S.Y. and Bertsch, G.F.",
      title          = "{Unitary Fermi gas in a harmonic trap}",
      journal        = "Phys.Rev.",
      volume         = "A76",
      pages          = "021603",
      doi            = "10.1103/PhysRevA.76.021603",
      year           = "2007",
      eprint         = "physics/0703190",
      archivePrefix  = "arXiv",
      primaryClass   = "physics.atom-ph",
      SLACcitation   = "%%CITATION = PHYSICS/0703190;%%",
}
