@article{Elhatisari:2016owd,
      author         = "Elhatisari, Serdar and others",
      title          = "{Nuclear binding near a quantum phase transition}",
      year           = "2016",
      eprint         = "1602.04539",
      archivePrefix  = "arXiv",
      primaryClass   = "nucl-th",
      SLACcitation   = "%%CITATION = ARXIV:1602.04539;%%"
}

@article{Elhatisari:2016hby,
      author         = "Elhatisari, Serdar and Lee, Dean and Mei{\ss}ner, Ulf-G. and
                        Rupak, Gautam",
      title          = "{Nucleon-deuteron scattering using the adiabatic
                        projection method}",
      year           = "2016",
      eprint         = "1603.02333",
      archivePrefix  = "arXiv",
      primaryClass   = "nucl-th",
      SLACcitation   = "%%CITATION = ARXIV:1603.02333;%%"
}

@article{Rokash:2015hra,
        Archiveprefix = {arXiv},
        Author = {Rokash, Alexander and Pine, Michelle and Elhatisari, Serdar and Lee, Dean and Epelbaum, Evgeny and others},
        Eprint = {1505.02967},
        Primaryclass = {nucl-th},
        Slaccitation = {%%CITATION = ARXIV:1505.02967;%%},
        Title = {{Scattering cluster wave functions on the lattice using the adiabatic projection method}},
        Year = {2015}}

@article{Lu:2015riz,
        Archiveprefix = {arXiv},
        Author = {Lu, Bing-Nan and L{\"a}hde, Timo A. and Lee, Dean and Mei{\ss}ner, Ulf-G.},
        Eprint = {1506.05652},
        Primaryclass = {nucl-th},
        Slaccitation = {%%CITATION = ARXIV:1506.05652;%%},
        Title = {{Precise determination of lattice phase shifts and mixing angles}},
        Year = {2015}}

@article{Carlson:2014vla,
      author         = "Carlson, J. and Gandolfi, S. and Pederiva, F. and Pieper,
                        Steven C. and Schiavilla, R. and Schmidt, K. E. and
                        Wiringa, R. B.",
      title          = "{Quantum Monte Carlo methods for nuclear physics}",
      journal        = "Rev. Mod. Phys.",
      volume         = "87",
      year           = "2015",
      pages          = "1067",
      doi            = "10.1103/RevModPhys.87.1067",
      eprint         = "1412.3081",
      archivePrefix  = "arXiv",
      primaryClass   = "nucl-th",
      reportNumber   = "LA-UR-14-29251, JLAB-THY-14-1989",
      SLACcitation   = "%%CITATION = ARXIV:1412.3081;%%"
}

@article{Weinberg:1990rz,
        Author = {Weinberg, Steven},
        Journal = {Phys. Lett.},
        Pages = {288-292},
        Slaccitation = {%%CITATION = PHLTA,B251,288;%%},
        Title = {Nuclear forces from chiral Lagrangians},
        Volume = {B251},
        Year = {1990}}

@article{Weinberg:1991um,
        Author = {Weinberg, Steven},
        Journal = {Nucl. Phys.},
        Pages = {3-18},
        Slaccitation = {%%CITATION = NUPHA,B363,3;%%},
        Title = {Effective chiral Lagrangians for nucleon - pion interactions and nuclear forces},
        Volume = {B363},
        Year = {1991}}

@article{Ordonez:1992xp,
        Author = {Ordonez, C. and van Kolck, U.},
        Journal = {Phys. Lett.},
        Pages = {459-464},
        Slaccitation = {%%CITATION = PHLTA,B291,459;%%},
        Title = {Chiral lagrangians and nuclear forces},
        Volume = {B291},
        Year = {1992}}

@article{Ordonez:1993tn,
        Author = {Ordonez, C. and Ray, L. and van Kolck, U.},
        Journal = {Phys. Rev. Lett.},
        Pages = {1982-1985},
        Slaccitation = {%%CITATION = PRLTA,72,1982;%%},
        Title = {Nucleon-nucleon potential from an effective chiral Lagrangian},
        Volume = {72},
        Year = {1994}}

@article{Epelbaum:1998hg,
        Author = {Epelbaum, E. and Gl{\"o}ckle, W. and Mei{\ss}ner, Ulf-G.},
        Eprint = {nucl-th/9804005},
        Journal = {Phys. Lett.},
        Pages = {1-5},
        Slaccitation = {%%CITATION = NUCL-TH 9804005;%%},
        Title = {Low-momentum effective theory for nucleons},
        Volume = {B439},
        Year = {1998}}

@article{Epelbaum:1998ka,
        Author = {Epelbaum, E. and Gl{\"o}ckle, W. and Mei{\ss}ner, Ulf-G.},
        Eprint = {nucl-th/9801064},
        Journal = {Nucl. Phys.},
        Pages = {107-134},
        Slaccitation = {%%CITATION = NUCL-TH 9801064;%%},
        Title = {Nuclear forces from chiral Lagrangians using the method of unitary transformation. I: Formalism},
        Volume = {A637},
        Year = {1998}}

@article{Bedaque:2002mn,
        Author = {Bedaque, Paulo F. and van Kolck, Ubirajara},
        Eprint = {nucl-th/0203055},
        Journal = {Ann. Rev. Nucl. Part. Sci.},
        Pages = {339-396},
        Slaccitation = {%%CITATION = NUCL-TH/0203055;%%},
        Title = {Effective field theory for few-nucleon systems},
        Volume = {52},
        Year = {2002}}

@article{Epelbaum:2008ga,
        Author = {Epelbaum, Evgeny and Hammer, Hans-Werner and Mei{\ss}ner, Ulf-G.},
        Eprint = {arXiv:0811.1338 [nucl-th]},
        Journal = {Rev. Mod. Phys.},
        Pages = {1773},
        Slaccitation = {%%CITATION = 0811.1338;%%},
        Title = {{Modern Theory of Nuclear Forces}},
        Volume = {81},
        Year = {2009}}

@article{Lee:2008fa,
        Author = {Lee, Dean},
        Eprint = {arXiv:0804.3501 [nucl-th]},
        Journal = {Prog. Part. Nucl. Phys.},
        Pages = {117-154},
        Slaccitation = {%%CITATION = 0804.3501;%%},
        Title = {{Lattice simulations for few- and many-body systems}},
        Volume = {63},
        Year = {2009}}


@article{Drut:2012a,
        Archiveprefix = {arXiv},
        Author = {{Drut}, J.~E. and {Nicholson}, A.~N.},
        Doi = {10.1088/0954-3899/40/4/043101},
        Eid = {043101},
        Eprint = {1208.6556},
        Journal = {J. Phys. G: Nucl. Part. Phys.},
        Month = apr,
        Number = 4,
        Pages = {043101},
        Primaryclass = {cond-mat.stat-mech},
        Title = {{Lattice methods for strongly interacting many-body systems}},
        Volume = 40,
        Year = 2013,
        Bdsk-Url-1 = {http://dx.doi.org/10.1088/0954-3899/40/4/043101}}

@article{Hubbard:1959ub,
        Author = {Hubbard, J.},
        Journal = {Phys. Rev. Lett.},
        Pages = {77-80},
        Slaccitation = {%%CITATION = PRLTA,3,77;%%},
        Title = {Calculation of partition functions},
        Volume = {3},
        Year = {1959}}

@article{Stratonovich:1958,
        Author = {Stratonovich, R. L.},
        Journal = {Soviet Phys. Doklady},
        Pages = {416-419},
        Title = {On a method of calculating quantum distribution functions},
        Volume = {2},
        Year = {1958}}

@article{Weingarten:1980hx,
        Author = {Weingarten, D. H. and Petcher, D. N.},
        Journal = {Phys. Lett.},
        Pages = {333},
        Slaccitation = {%%CITATION = PHLTA,B99,333;%%},
        Title = {{Monte Carlo Integration for Lattice Gauge Theories with Fermions}},
        Volume = {B99},
        Year = {1981}}

@article{Scalettar:1986uy,
        Author = {Scalettar, R. T. and Scalapino, D. J. and Sugar, R. L.},
        Journal = {Phys. Rev.},
        Pages = {7911-7917},
        Slaccitation = {%%CITATION = PHRVA,B34,7911;%%},
        Title = {{New Algorithm for the Numerical Simulation of Fermions}},
        Volume = {B34},
        Year = {1986}}

@article{Gottlieb:1987mq,
        Author = {Gottlieb, S. and Liu, W. and Toussaint, D. and Renken, R. L. and Sugar, R. L.},
        Journal = {Phys. Rev.},
        Pages = {2531-2542},
        Slaccitation = {%%CITATION = PHRVA,D35,2531;%%},
        Title = {{Hybrid Molecular Dynamics Algorithms for the Numerical Simulation of Quantum Chromodynamics}},
        Volume = {D35},
        Year = {1987}}

@article{Duane:1987de,
        Author = {Duane, S. and Kennedy, A. D. and Pendleton, B. J. and Roweth, D.},
        Journal = {Phys. Lett.},
        Pages = {216-222},
        Slaccitation = {%%CITATION = PHLTA,B195,216;%%},
        Title = {{Hybrid Monte Carlo}},
        Volume = {B195},
        Year = {1987}}

@article{Muller:1999cp,
        Author = {M{\"u}ller, H. M. and Koonin, S. E. and Seki, R. and van Kolck, U.},
        Eprint = {nucl-th/9910038},
        Journal = {Phys. Rev.},
        Pages = {044320},
        Slaccitation = {%%CITATION = NUCL-TH 9910038;%%},
        Title = {Nuclear Matter on a Lattice},
        Volume = {C61},
        Year = {2000}}

@article{Lee:2004si,
        Author = {Lee, Dean and Borasoy, Bugra and Sch{\"a}fer, Thomas},
        Eprint = {nucl-th/0402072},
        Journal = {Phys. Rev.},
        Pages = {014007},
        Slaccitation = {%%CITATION = NUCL-TH 0402072;%%},
        Title = {Nuclear lattice simulations with chiral effective field theory},
        Volume = {C70},
        Year = {2004}}

@article{Lee:2004qd,
        Author = {Lee, Dean and Sch{\"a}fer, Thomas},
        Eprint = {nucl-th/0412002},
        Journal = {Phys. Rev.},
        Pages = {024006},
        Slaccitation = {%%CITATION = NUCL-TH 0412002;%%},
        Title = {Neutron matter on the lattice with pionless effective field theory},
        Volume = {C72},
        Year = {2005}}

@article{Lee:2005is,
        Author = {Lee, Dean and Sch{\"a}fer, Thomas},
        Eprint = {nucl-th/0509017},
        Journal = {Phys. Rev.},
        Pages = {015201},
        Slaccitation = {%%CITATION = NUCL-TH 0509017;%%},
        Title = {Cold dilute neutron matter on the lattice I: Lattice virial coefficients and large scattering lengths},
        Volume = {C73},
        Year = {2006}}

@article{Lee:2005it,
        Author = {Lee, Dean and Sch{\"a}fer, Thomas},
        Eprint = {nucl-th/0509018},
        Journal = {Phys. Rev.},
        Pages = {015202},
        Slaccitation = {%%CITATION = NUCL-TH 0509018;%%},
        Title = {Cold dilute neutron matter on the lattice II: Results in the unitary limit},
        Volume = {C73},
        Year = {2006}}

@article{Borasoy:2005yc,
        Author = {Borasoy, B. and Krebs, H. and Lee, D. and Mei{\ss}ner, U.-G.},
        Eprint = {nucl-th/0510047},
        Journal = {Nucl. Phys.},
        Pages = {179-193},
        Slaccitation = {%%CITATION = NUCL-TH 0510047;%%},
        Title = {The triton and three-nucleon force in nuclear lattice simulations},
        Volume = {A768},
        Year = {2006}}

@article{Borasoy:2006qn,
        Author = {Borasoy, Bugra and Epelbaum, Evgeny and Krebs, Hermann and Lee, Dean and Mei{\ss}ner, Ulf-G.},
        Eprint = {nucl-th/0611087},
        Journal = {Eur. Phys. J.},
        Pages = {105-123},
        Slaccitation = {%%CITATION = NUCL-TH 0611087;%%},
        Title = {Lattice simulations for light nuclei: Chiral effective field theory at leading order},
        Volume = {A31},
        Year = {2007}}

@article{Borasoy:2007vk,
        Author = {Borasoy, Bugra and Epelbaum, Evgeny and Krebs, Hermann and Lee, Dean and Mei{\ss}ner, Ulf-G.},
        Eprint = {arXiv:0712.2993 [nucl-th]},
        Journal = {Eur. Phys. J.},
        Pages = {357-367},
        Slaccitation = {%%CITATION = ARXIV:0712.2993;%%},
        Title = {{Dilute neutron matter on the lattice at next-to-leading order in chiral effective field theory}},
        Volume = {A35},
        Year = {2008}}

@article{Borasoy:2007vi,
        Author = {Borasoy, Bugra and Epelbaum, Evgeny and Krebs, Hermann and Lee, Dean and Mei{\ss}ner, Ulf-G.},
        Eprint = {arXiv:0712.2990 [nucl-th]},
        Journal = {Eur. Phys. J.},
        Pages = {343-355},
        Slaccitation = {%%CITATION = ARXIV:0712.2990;%%},
        Title = {{Chiral effective field theory on the lattice at next-to- leading order}},
        Volume = {A35},
        Year = {2008}}

@article{Wlazlowski:2014jna,
        Archiveprefix = {arXiv},
        Author = {Wlaz{\l}owski, G. and Holt, J. W. and Moroz, S. and Bulgac, A. and Roche, K. J.},
        Doi = {10.1103/PhysRevLett.113.182503},
        Eprint = {1403.3753},
        Journal = {Phys. Rev. Lett.},
        Number = {18},
        Pages = {182503},
        Primaryclass = {nucl-th},
        Reportnumber = {NT@UW-14-07},
        Slaccitation = {%%CITATION = ARXIV:1403.3753;%%},
        Title = {{Auxiliary-Field Quantum Monte Carlo Simulations of Neutron Matter in Chiral Effective Field Theory}},
        Volume = {113},
        Year = {2014},
        Bdsk-Url-1 = {http://dx.doi.org/10.1103/PhysRevLett.113.182503}}

@article{Epelbaum:2009zs,
        Archiveprefix = {arXiv},
        Author = {Epelbaum, Evgeny and Krebs, Hermann and Lee, Dean and Mei{\ss}ner, U.-G.},
        Eprint = {arXiv:0903.1666 [nucl-th]},
        Journal = {Eur. Phys. J.},
        Pages = {125-139},
        Primaryclass = {nucl-th},
        Slaccitation = {%%CITATION = 0903.1666;%%},
        Title = {{Lattice chiral effective field theory with three-body interactions at next-to-next-to-leading order}},
        Volume = {A41},
        Year = {2009}}

@article{Epelbaum:2009pd,
        Archiveprefix = {arXiv},
        Author = {Epelbaum, Evgeny and Krebs, Hermann and Lee, Dean and Mei{\ss}ner, Ulf-G.},
        Eprint = {arXiv:0912.4195 [nucl-th]},
        Journal = {Phys. Rev. Lett.},
        Pages = {142501},
        Primaryclass = {nucl-th},
        Slaccitation = {%%CITATION = 0912.4195;%%},
        Title = {{Lattice effective field theory calculations for A = 3,4,6,12 nuclei}},
        Volume = {104},
        Year = {2010}}

@article{Epelbaum:2011md,
        Archiveprefix = {arXiv},
        Author = {Epelbaum, Evgeny and Krebs, Hermann and Lee, Dean and Mei{\ss}ner, Ulf-G.},
        Doi = {10.1103/PhysRevLett.106.192501},
        Eprint = {arXiv:1101.2547 [nucl-th]},
        Journal = {Phys. Rev. Lett.},
        Pages = {192501},
        Primaryclass = {nucl-th},
        Slaccitation = {%%CITATION = 1101.2547;%%},
        Title = {{Ab initio calculation of the Hoyle state}},
        Volume = {106},
        Year = {2011},
        Bdsk-Url-1 = {http://dx.doi.org/10.1103/PhysRevLett.106.192501}}

@article{Epelbaum:2012qn,
        Archiveprefix = {arXiv},
        Author = {Epelbaum, Evgeny and Krebs, Hermann and L{\"a}hde, Timo and Lee, Dean and Mei{\ss}ner, Ulf-G.},
        Doi = {10.1103/PhysRevLett.109.252501},
        Eprint = {1208.1328},
        Journal = {Phys. Rev. Lett.},
        Pages = {252501},
        Primaryclass = {nucl-th},
        Slaccitation = {%%CITATION = ARXIV:1208.1328;%%},
        Title = {{Structure and rotations of the Hoyle state}},
        Volume = {109},
        Year = {2012},
        Bdsk-Url-1 = {http://dx.doi.org/10.1103/PhysRevLett.109.252501}}

@article{Epelbaum:2012iu,
        Archiveprefix = {arXiv},
        Author = {Epelbaum, Evgeny and Krebs, Hermann and L{\"a}hde, Timo A. and Lee, Dean and Mei{\ss}ner, Ulf-G.},
        Doi = {10.1103/PhysRevLett.110.112502},
        Eprint = {1212.4181},
        Journal = {Phys. Rev. Lett.},
        Pages = {112502},
        Primaryclass = {nucl-th},
        Slaccitation = {%%CITATION = ARXIV:1212.4181;%%},
        Title = {{Viability of Carbon-Based Life as a Function of the Light Quark Mass}},
        Volume = {110},
        Year = {2013},
        Bdsk-Url-1 = {http://dx.doi.org/10.1103/PhysRevLett.110.112502}}

@article{Lahde:2013uqa,
        Archiveprefix = {arXiv},
        Author = {L{\"a}hde, Timo A. and Epelbaum, Evgeny and Krebs, Hermann and Lee, Dean and Mei{\ss}ner, Ulf-G. and Rupak, Gautam},
        Doi = {10.1016/j.physletb.2014.03.023},
        Eprint = {1311.0477},
        Journal = {Phys. Lett.},
        Pages = {110-115},
        Primaryclass = {nucl-th},
        Slaccitation = {%%CITATION = ARXIV:1311.0477;%%},
        Title = {{Lattice Effective Field Theory for Medium-Mass Nuclei}},
        Volume = {B732},
        Year = {2014},
        Bdsk-Url-1 = {http://dx.doi.org/10.1016/j.physletb.2014.03.023}}

@article{Epelbaum:2013paa,
        Archiveprefix = {arXiv},
        Author = {Epelbaum, Evgeny and Krebs, Hermann and L{\"a}hde, Timo A. and Lee, Dean and Mei{\ss}ner, Ulf-G. and Rupak, Gautam},
        Doi = {10.1103/PhysRevLett.112.102501},
        Eprint = {1312.7703},
        Journal = {Phys. Rev. Lett.},
        Number = {10},
        Pages = {102501},
        Primaryclass = {nucl-th},
        Slaccitation = {%%CITATION = ARXIV:1312.7703;%%},
        Title = {{Ab initio calculation of the spectrum and structure of $^{16}$O}},
        Volume = {112},
        Year = {2014},
        Bdsk-Url-1 = {http://dx.doi.org/10.1103/PhysRevLett.112.102501}}


@article{Rupak:2013aue,
        Archiveprefix = {arXiv},
        Author = {Rupak, Gautam and Lee, Dean},
        Doi = {10.1103/PhysRevLett.111.032502},
        Eprint = {1302.4158},
        Journal = {Phys. Rev. Lett.},
        Number = {3},
        Pages = {032502},
        Primaryclass = {nucl-th},
        Reportnumber = {INT-PUB-13-007},
        Slaccitation = {%%CITATION = ARXIV:1302.4158;%%},
        Title = {{Radiative capture reactions in lattice effective field theory}},
        Volume = {111},
        Year = {2013},
        Bdsk-Url-1 = {http://dx.doi.org/10.1103/PhysRevLett.111.032502}}

@article{Rupak:2014xza,
        Archiveprefix = {arXiv},
        Author = {Rupak, Gautam and Ravi, Pranaam},
        Doi = {10.1016/j.physletb.2014.12.055},
        Eprint = {1411.2436},
        Journal = {Phys. Lett.},
        Pages = {301-304},
        Primaryclass = {nucl-th},
        Slaccitation = {%%CITATION = ARXIV:1411.2436;%%},
        Title = {{Proton--proton fusion in lattice effective field theory}},
        Volume = {B741},
        Year = {2014},
        Bdsk-Url-1 = {http://dx.doi.org/10.1016/j.physletb.2014.12.055}}

@article{Elhatisari:2015iga,
      author         = "Elhatisari, Serdar and Lee, Dean and Rupak, Gautam and
                        Epelbaum, Evgeny and Krebs, Hermann and L{\"a}hde, Timo A.
                        and Luu, Thomas and Mei{\ss}ner, Ulf-G.",
      title          = "{Ab initio alpha-alpha scattering}",
      journal        = "Nature",
      volume         = "528",
      year           = "2015",
      pages          = "111",
      doi            = "10.1038/nature16067",
      eprint         = "1506.03513",
      archivePrefix  = "arXiv",
      primaryClass   = "nucl-th",
      SLACcitation   = "%%CITATION = ARXIV:1506.03513;%%"
}

@article{Luscher:1985dn,
        Author = {L{\"u}scher, M.},
        Journal = {Commun. Math. Phys.},
        Pages = {177},
        Slaccitation = {%%CITATION = CMPHA,104,177;%%},
        Title = {Volume Dependence of the Energy Spectrum in Massive Quantum Field Theories. 1. Stable Particle States},
        Volume = {104},
        Year = {1986}}

@article{Luscher:1986pf,
        Author = {L{\"u}scher, M.},
        Journal = {Commun. Math. Phys.},
        Pages = {153-188},
        Slaccitation = {%%CITATION = CMPHA,105,153;%%},
        Title = {VOLUME DEPENDENCE OF THE ENERGY SPECTRUM IN MASSIVE QUANTUM FIELD THEORIES. 2. SCATTERING STATES},
        Volume = {105},
        Year = {1986}}

@article{Luscher:1991ux,
        Author = {L{\"u}scher, Martin},
        Journal = {Nucl. Phys.},
        Pages = {531-578},
        Slaccitation = {%%CITATION = NUPHA,B354,531;%%},
        Title = {Two particle states on a torus and their relation to the scattering matrix},
        Volume = {B354},
        Year = {1991}}

@article{Borasoy:2007vy,
        Author = {Borasoy, Bugra and Epelbaum, Evgeny and Krebs, Hermann and Lee, Dean and Mei{\ss}ner, Ulf-G.},
        Eprint = {arXiv:0708.1780 [nucl-th]},
        Journal = {Eur. Phys. J.},
        Pages = {185-196},
        Slaccitation = {%%CITATION = ARXIV:0708.1780;%%},
        Title = {Two-particle scattering on the lattice: Phase shifts, spin- orbit coupling, and mixing angles},
        Volume = {A34},
        Year = {2007}}


@article{Carlson:1984,
        Author = {J. Carlson and V.R. Pandharipande and R.B. Wiringa},
        Doi = {http://dx.doi.org/10.1016/0375-9474(84)90127-1},
        Issn = {0375-9474},
        Journal = {Nucl. Phys. A},
        Number = {1},
        Pages = {47 - 59},
        Title = {{Variational calculations of resonant states in 4He}},
        Url = {http://www.sciencedirect.com/science/article/pii/0375947484901271},
        Volume = {424},
        Year = {1984},
        Bdsk-Url-1 = {http://www.sciencedirect.com/science/article/pii/0375947484901271},
        Bdsk-Url-2 = {http://dx.doi.org/10.1016/0375-9474(84)90127-1}}

@article{Pine:2013zja,
        Archiveprefix = {arXiv},
        Author = {Pine, Michelle and Lee, Dean and Rupak, Gautam},
        Doi = {10.1140/epja/i2013-13151-3},
        Eprint = {1309.2616},
        Journal = {Eur. Phys. J.},
        Pages = {151},
        Primaryclass = {nucl-th},
        Slaccitation = {%%CITATION = ARXIV:1309.2616;%%},
        Title = {{Adiabatic projection method for scattering and reactions on the lattice}},
        Volume = {A49},
        Year = {2013},
        Bdsk-Url-1 = {http://dx.doi.org/10.1140/epja/i2013-13151-3}}

@article{Elhatisari:2014lka,
        Archiveprefix = {arXiv},
        Author = {Elhatisari, Serdar and Lee, Dean},
        Doi = {10.1103/PhysRevC.90.064001},
        Eprint = {1407.2784},
        Journal = {Phys. Rev.},
        Number = {6},
        Pages = {064001},
        Primaryclass = {nucl-th},
        Slaccitation = {%%CITATION = ARXIV:1407.2784;%%},
        Title = {{Fermion-dimer scattering using an impurity lattice Monte Carlo approach and the adiabatic projection method}},
        Volume = {C90},
        Year = {2014},
        Bdsk-Url-1 = {http://dx.doi.org/10.1103/PhysRevC.90.064001}}

@article{Creutz:1988wv,
        Author = {Creutz, M.},
        Journal = {Phys. Rev.},
        Pages = {1228-1238},
        Slaccitation = {%%CITATION = PHRVA,D38,1228;%%},
        Title = {GLOBAL MONTE CARLO ALGORITHMS FOR MANY FERMION SYSTEMS},
        Volume = {D38},
        Year = {1988}}

@article{Creutz:1999zy,
        Author = {Creutz, Michael},
        Eprint = {hep-lat/9905024},
        Journal = {Found. Phys.},
        Pages = {487-492},
        Slaccitation = {%%CITATION = HEP-LAT 9905024;%%},
        Title = {Transfer matrices and lattice fermions at finite density},
        Volume = {30},
        Year = {2000}}

@article{Carlson:2014vla,
      author         = "Carlson, J. and Gandolfi, S. and Pederiva, F. and Pieper,
                        Steven C. and Schiavilla, R. and Schmidt, K. E. and
                        Wiringa, R. B.",
      title          = "{Quantum Monte Carlo methods for nuclear physics}",
      journal        = "Rev. Mod. Phys.",
      volume         = "87",
      year           = "2015",
      pages          = "1067",
      doi            = "10.1103/RevModPhys.87.1067",
      eprint         = "1412.3081",
      archivePrefix  = "arXiv",
      primaryClass   = "nucl-th",
      reportNumber   = "LA-UR-14-29251, JLAB-THY-14-1989",
      SLACcitation   = "%%CITATION = ARXIV:1412.3081;%%"
}

@article{vanKolck:1994yi,
        Author = {van Kolck, U.},
        Journal = {Phys. Rev.},
        Pages = {2932-2941},
        Slaccitation = {%%CITATION = PHRVA,C49,2932;%%},
        Title = {Few nucleon forces from chiral Lagrangians},
        Volume = {C49},
        Year = {1994}}