@article{Shuryak:1987tr,
      author         = "Shuryak, Edward V.",
      title          = "{Toward the Quantitative Theory of the 'Instanton Liquid'
                        4. Tunneling in the Double Well Potential}",
      journal        = "Nucl. Phys.",
      volume         = "B302",
      year           = "1988",
      pages          = "621",
      doi            = "10.1016/0550-3213(88)90191-5",
      reportNumber   = "IYF-87-137",
      SLACcitation   = "%%CITATION = NUPHA,B302,621;%%"
}

@article{Shuryak:1984xr,
      author         = "Shuryak, Edward V. and Zhirov, O. V.",
      title          = "{Testing Monte Carlo Methods for Path Integrals in some
                        Quantum Mechanical Problems}",
      journal        = "Nucl. Phys.",
      volume         = "B242",
      year           = "1984",
      pages          = "393-406",
      doi            = "10.1016/0550-3213(84)90401-2",
      SLACcitation   = "%%CITATION = NUPHA,B242,393;%%"
}

@article{Creutz:1980gp,
      author         = "Creutz, M. and Freedman, B.",
      title          = "{A Statistical Approach to Quantum Mechanics}",
      journal        = "Annals Phys.",
      volume         = "132",
      year           = "1981",
      pages          = "427",
      doi            = "10.1016/0003-4916(81)90074-9",
      reportNumber   = "BNL-28588",
      SLACcitation   = "%%CITATION = APNYA,132,427;%%"
}

@article{Coleman:1973jx,
      author         = "Coleman, Sidney R. and Weinberg, Erick J.",
      title          = "{Radiative Corrections as the Origin of Spontaneous
                        Symmetry Breaking}",
      journal        = "Phys.Rev.",
      volume         = "D7",
      pages          = "1888-1910",
      doi            = "10.1103/PhysRevD.7.1888",
      year           = "1973",
      SLACcitation   = "%%CITATION = PHRVA,D7,1888;%%",
}

@article{Gross:1973id,
      author         = "Gross, David J. and Wilczek, Frank",
      title          = "{Ultraviolet Behavior of Nonabelian Gauge Theories}",
      journal        = "Phys.Rev.Lett.",
      volume         = "30",
      pages          = "1343-1346",
      doi            = "10.1103/PhysRevLett.30.1343",
      year           = "1973",
      SLACcitation   = "%%CITATION = PRLTA,30,1343;%%",
}

@article{Politzer:1973fx,
      author         = "Politzer, H. David",
      title          = "{Reliable Perturbative Results for Strong Interactions?}",
      journal        = "Phys.Rev.Lett.",
      volume         = "30",
      pages          = "1346-1349",
      doi            = "10.1103/PhysRevLett.30.1346",
      year           = "1973",
      SLACcitation   = "%%CITATION = PRLTA,30,1346;%%",
}

@article{Nakamura:2010zzi,
      author         = "Nakamura, K. and others",
      title          = "{Review of particle physics}",
      collaboration  = "Particle Data Group",
      journal        = "J. Phys.",
      volume         = "G37",
      year           = "2010",
      pages          = "075021",
      doi            = "10.1088/0954-3899/37/7A/075021",
      reportNumber   = "FERMILAB-PUB-10-665-PPD",
      SLACcitation   = "%%CITATION = JPAGA,G37,075021;%%"
}

@article{GellMann:1968rz,
      author         = "Gell-Mann, Murray and Oakes, R. J. and Renner, B.",
      title          = "{Behavior of current divergences under SU(3) x SU(3)}",
      journal        = "Phys. Rev.",
      volume         = "175",
      year           = "1968",
      pages          = "2195-2199",
      doi            = "10.1103/PhysRev.175.2195",
      SLACcitation   = "%%CITATION = PHRVA,175,2195;%%"
}

@article{tHooft:1979bh,
      author         = "'t Hooft, Gerard",
      title          = "{Naturalness, chiral symmetry, and spontaneous chiral
                        symmetry breaking}",
      booktitle      = "{Cargese Summer Institute: Recent Developments in Gauge
                        Theories Cargese, France, August 26-September 8, 1979}",
      journal        = "NATO Sci. Ser. B",
      volume         = "59",
      year           = "1980",
      pages          = "135",
      reportNumber   = "PRINT-80-0083 (UTRECHT)",
      SLACcitation   = "%%CITATION = PRINT-80-0083 (UTRECHT);%%"
}

@article{Linde:1980ts,
      author         = "Linde, Andrei D.",
      title          = "{Infrared Problem in Thermodynamics of the Yang-Mills
                        Gas}",
      journal        = "Phys. Lett.",
      volume         = "B96",
      year           = "1980",
      pages          = "289",
      doi            = "10.1016/0370-2693(80)90769-8",
      reportNumber   = "LEBEDEV-80-106",
      SLACcitation   = "%%CITATION = PHLTA,B96,289;%%"
}

@article{Pisarski:1983ms,
      author         = "Pisarski, Robert D. and Wilczek, Frank",
      title          = "{Remarks on the Chiral Phase Transition in
                        Chromodynamics}",
      journal        = "Phys. Rev.",
      volume         = "D29",
      year           = "1984",
      pages          = "338-341",
      doi            = "10.1103/PhysRevD.29.338",
      reportNumber   = "NSF-ITP-83-152",
      SLACcitation   = "%%CITATION = PHRVA,D29,338;%%"
}

@article{Aoki:2009sc,
      author         = "Aoki, Y. and Borsanyi, Szabolcs and Durr, Stephan and
                        Fodor, Zoltan and Katz, Sandor D. and Krieg, Stefan and
                        Szabo, Kalman K.",
      title          = "{The QCD transition temperature: results with physical
                        masses in the continuum limit II.}",
      journal        = "JHEP",
      volume         = "06",
      year           = "2009",
      pages          = "088",
      doi            = "10.1088/1126-6708/2009/06/088",
      eprint         = "0903.4155",
      archivePrefix  = "arXiv",
      primaryClass   = "hep-lat",
      reportNumber   = "WUB-09-01, ITP-BUDAPEST-644, RBRC-782",
      SLACcitation   = "%%CITATION = ARXIV:0903.4155;%%"
}

@article{Karsch:2003va,
      author         = "Karsch, F. and Allton, C. R. and Ejiri, S. and Hands, S.
                        J. and Kaczmarek, O. and Laermann, E. and Schmidt, C.",
      title          = "{Where is the chiral critical point in three flavor
                        QCD?}",
      booktitle      = "{Lattice field theory. Proceedings, 21st International
                        Symposium, Lattice 2003, Tsukuba, Japan, July 15-19,
                        2003}",
      journal        = "Nucl. Phys. Proc. Suppl.",
      volume         = "129",
      year           = "2004",
      pages          = "614-616",
      doi            = "10.1016/S0920-5632(03)02659-8",
      note           = "[,614(2003)]",
      eprint         = "hep-lat/0309116",
      archivePrefix  = "arXiv",
      primaryClass   = "hep-lat",
      reportNumber   = "BI-TP-2003-25, SWAT-03-379",
      SLACcitation   = "%%CITATION = HEP-LAT/0309116;%%"
}



@article{Shuryak:1977ut,
      author         = "Shuryak, Edward V.",
      title          = "{Theory of Hadronic Plasma}",
      journal        = "Sov. Phys. JETP",
      volume         = "47",
      year           = "1978",
      pages          = "212-219",
      note           = "[Zh. Eksp. Teor. Fiz.74,408(1978)]",
      reportNumber   = "IYF-77-34",
      SLACcitation   = "%%CITATION = SPHJA,47,212;%%"
}

@article{Shuryak:1978ij,
      author         = "Shuryak, Edward V.",
      title          = "{Quark-Gluon Plasma and Hadronic Production of Leptons,
                        Photons and Psions}",
      journal        = "Phys. Lett.",
      volume         = "B78",
      year           = "1978",
      pages          = "150",
      doi            = "10.1016/0370-2693(78)90370-2",
      note           = "[Yad. Fiz.28,796(1978)]",
      reportNumber   = "IYF-78-24",
      SLACcitation   = "%%CITATION = PHLTA,B78,150;%%"
}

@article{Coleman:1980mx,
      author         = "Coleman, Sidney R. and Witten, Edward",
      title          = "{Chiral Symmetry Breakdown in Large N Chromodynamics}",
      journal        = "Phys. Rev. Lett.",
      volume         = "45",
      year           = "1980",
      pages          = "100",
      doi            = "10.1103/PhysRevLett.45.100",
      reportNumber   = "SLAC-PUB-2493",
      SLACcitation   = "%%CITATION = PRLTA,45,100;%%"
}


@article{deForcrand:2010he,
      author         = "de Forcrand, Philippe and Philipsen, Owe",
      title          = "{Constraining the QCD phase diagram by tricritical lines
                        at imaginary chemical potential}",
      journal        = "Phys. Rev. Lett.",
      volume         = "105",
      year           = "2010",
      pages          = "152001",
      doi            = "10.1103/PhysRevLett.105.152001",
      eprint         = "1004.3144",
      archivePrefix  = "arXiv",
      primaryClass   = "hep-lat",
      reportNumber   = "CERN-PH-TH-2010-079",
      SLACcitation   = "%%CITATION = ARXIV:1004.3144;%%"
}

@article{Alford:1998mk,
      author         = "Alford, Mark G. and Rajagopal, Krishna and Wilczek,
                        Frank",
      title          = "{Color flavor locking and chiral symmetry breaking in
                        high density QCD}",
      journal        = "Nucl. Phys.",
      volume         = "B537",
      year           = "1999",
      pages          = "443-458",
      doi            = "10.1016/S0550-3213(98)00668-3",
      eprint         = "hep-ph/9804403",
      archivePrefix  = "arXiv",
      primaryClass   = "hep-ph",
      reportNumber   = "IASSNS-HEP-98-29, MIT-CTP-2731",
      SLACcitation   = "%%CITATION = HEP-PH/9804403;%%"
}

@article{Schafer:1999fe,
      author         = "Sch{\"a}fer, Thomas",
      title          = "{Patterns of symmetry breaking in QCD at high baryon
                        density}",
      journal        = "Nucl. Phys.",
      volume         = "B575",
      year           = "2000",
      pages          = "269-284",
      doi            = "10.1016/S0550-3213(00)00063-8",
      eprint         = "hep-ph/9909574",
      archivePrefix  = "arXiv",
      primaryClass   = "hep-ph",
      reportNumber   = "TRI-PP-99-30",
      SLACcitation   = "%%CITATION = HEP-PH/9909574;%%"
}

@article{Pochodzalla:1995xy,
      author         = "Pochodzalla, J. and others",
      title          = "{Probing the nuclear liquid - gas phase transition}",
      journal        = "Phys. Rev. Lett.",
      volume         = "75",
      year           = "1995",
      pages          = "1040-1043",
      doi            = "10.1103/PhysRevLett.75.1040",
      reportNumber   = "GSI-95-13",
      SLACcitation   = "%%CITATION = PRLTA,75,1040;%%"
}

@article{Alford:2007xm,
      author         = "Alford, Mark G. and Schmitt, Andreas and Rajagopal,
                        Krishna and Sch{\"a}fer, Thomas",
      title          = "{Color superconductivity in dense quark matter}",
      journal        = "Rev. Mod. Phys.",
      volume         = "80",
      year           = "2008",
      pages          = "1455-1515",
      doi            = "10.1103/RevModPhys.80.1455",
      eprint         = "0709.4635",
      archivePrefix  = "arXiv",
      primaryClass   = "hep-ph",
      reportNumber   = "MIT-CTP-3861",
      SLACcitation   = "%%CITATION = ARXIV:0709.4635;%%"
}

@article{Kajantie:2002wa,
      author         = "Kajantie, K. and Laine, M. and Rummukainen, K. and
                        Schroder, Y.",
      title          = "{The Pressure of hot QCD up to g6 ln(1/g)}",
      journal        = "Phys. Rev.",
      volume         = "D67",
      year           = "2003",
      pages          = "105008",
      doi            = "10.1103/PhysRevD.67.105008",
      eprint         = "hep-ph/0211321",
      archivePrefix  = "arXiv",
      primaryClass   = "hep-ph",
      reportNumber   = "CERN-TH-2002-334, HIP-2002-62-TH, MIT-CTP-3325",
      SLACcitation   = "%%CITATION = HEP-PH/0211321;%%"
}


@article{Ollitrault:1992bk,
      author         = "Ollitrault, Jean-Yves",
      title          = "{Anisotropy as a signature of transverse collective
                        flow}",
      journal        = "Phys. Rev.",
      volume         = "D46",
      year           = "1992",
      pages          = "229-245",
      doi            = "10.1103/PhysRevD.46.229",
      reportNumber   = "SACLAY-SPH-T-92-016",
      SLACcitation   = "%%CITATION = PHRVA,D46,229;%%"
}

@article{BraunMunzinger:2008tz,
      author         = "Braun-Munzinger, P. and Wambach, J.",
      title          = "{The Phase Diagram of Strongly-Interacting Matter}",
      journal        = "Rev. Mod. Phys.",
      volume         = "81",
      year           = "2009",
      pages          = "1031-1050",
      doi            = "10.1103/RevModPhys.81.1031",
      eprint         = "0801.4256",
      archivePrefix  = "arXiv",
      primaryClass   = "hep-ph",
      SLACcitation   = "%%CITATION = ARXIV:0801.4256;%%"
}

@inproceedings{Blaizot:2003tw,
      author         = "Blaizot, Jean-Paul and Iancu, Edmond and Rebhan, Anton",
      title          = "{Thermodynamics of the high temperature quark gluon
                        plasma}",
      booktitle      = "{In *Hwa, R.C. (ed.) et al.: Quark gluon plasma* 60-122}",
      url            = "http://link.aip.org/link/?APC/739/63",
      year           = "2003",
      eprint         = "hep-ph/0303185",
      archivePrefix  = "arXiv",
      primaryClass   = "hep-ph",
      reportNumber   = "SACLAY-T03-26, TUW-03-04",
      SLACcitation   = "%%CITATION = HEP-PH/0303185;%%"
}

@article{Cleymans:1992zc,
      author         = "Cleymans, J. and Satz, H.",
      title          = "{Thermal hadron production in high-energy heavy ion
                        collisions}",
      journal        = "Z. Phys.",
      volume         = "C57",
      year           = "1993",
      pages          = "135-148",
      doi            = "10.1007/BF01555746",
      eprint         = "hep-ph/9207204",
      archivePrefix  = "arXiv",
      primaryClass   = "hep-ph",
      reportNumber   = "BI-TP-92-08, CERN-TH-6523-92",
      SLACcitation   = "%%CITATION = HEP-PH/9207204;%%"
}

@article{Schenke:2012wb,
      author         = "Schenke, Bjoern and Tribedy, Prithwish and Venugopalan,
                        Raju",
      title          = "{Fluctuating Glasma initial conditions and flow in heavy
                        ion collisions}",
      journal        = "Phys. Rev. Lett.",
      volume         = "108",
      year           = "2012",
      pages          = "252301",
      doi            = "10.1103/PhysRevLett.108.252301",
      eprint         = "1202.6646",
      archivePrefix  = "arXiv",
      primaryClass   = "nucl-th",
      SLACcitation   = "%%CITATION = ARXIV:1202.6646;%%"
}

@article{Kharzeev:2000ph,
      author         = "Kharzeev, Dmitri and Nardi, Marzia",
      title          = "{Hadron production in nuclear collisions at RHIC and high
                        density QCD}",
      journal        = "Phys. Lett.",
      volume         = "B507",
      year           = "2001",
      pages          = "121-128",
      doi            = "10.1016/S0370-2693(01)00457-9",
      eprint         = "nucl-th/0012025",
      archivePrefix  = "arXiv",
      primaryClass   = "nucl-th",
      SLACcitation   = "%%CITATION = NUCL-TH/0012025;%%"
}

@article{Schnedermann:1993ws,
      author         = "Schnedermann, Ekkard and Sollfrank, Josef and Heinz,
                        Ulrich W.",
      title          = "{Thermal phenomenology of hadrons from 200-A/GeV S+S
                        collisions}",
      journal        = "Phys. Rev.",
      volume         = "C48",
      year           = "1993",
      pages          = "2462-2475",
      doi            = "10.1103/PhysRevC.48.2462",
      eprint         = "nucl-th/9307020",
      archivePrefix  = "arXiv",
      primaryClass   = "nucl-th",
      reportNumber   = "TPR-93-16",
      SLACcitation   = "%%CITATION = NUCL-TH/9307020;%%"
}

@article{Aamodt:2010pa,
      author         = "Aamodt, K and others",
      title          = "{Elliptic flow of charged particles in Pb-Pb collisions
                        at 2.76 TeV}",
      collaboration  = "ALICE",
      journal        = "Phys. Rev. Lett.",
      volume         = "105",
      year           = "2010",
      pages          = "252302",
      doi            = "10.1103/PhysRevLett.105.252302",
      eprint         = "1011.3914",
      archivePrefix  = "arXiv",
      primaryClass   = "nucl-ex",
      SLACcitation   = "%%CITATION = ARXIV:1011.3914;%%"
}

@article{Alver:2010gr,
      author         = "Alver, B. and Roland, G.",
      title          = "{Collision geometry fluctuations and triangular flow in
                        heavy-ion collisions}",
      journal        = "Phys. Rev.",
      volume         = "C81",
      year           = "2010",
      pages          = "054905",
      doi            = "10.1103/PhysRevC.82.039903, 10.1103/PhysRevC.81.054905",
      note           = "[Erratum: Phys. Rev.C82,039903(2010)]",
      eprint         = "1003.0194",
      archivePrefix  = "arXiv",
      primaryClass   = "nucl-th",
      SLACcitation   = "%%CITATION = ARXIV:1003.0194;%%"
}

@article{Alver:2008zza,
      author         = "Alver, B. and others",
      title          = "{Importance of correlations and fluctuations on the
                        initial source eccentricity in high-energy nucleus-nucleus
                        collisions}",
      journal        = "Phys. Rev.",
      volume         = "C77",
      year           = "2008",
      pages          = "014906",
      doi            = "10.1103/PhysRevC.77.014906",
      eprint         = "0711.3724",
      archivePrefix  = "arXiv",
      primaryClass   = "nucl-ex",
      SLACcitation   = "%%CITATION = ARXIV:0711.3724;%%"
}

@article{Adams:2004bi,
      author         = "Adams, J. and others",
      title          = "{Azimuthal anisotropy in Au+Au collisions at s(NN)**(1/2)
                        = 200-GeV}",
      collaboration  = "STAR",
      journal        = "Phys. Rev.",
      volume         = "C72",
      year           = "2005",
      pages          = "014904",
      doi            = "10.1103/PhysRevC.72.014904",
      eprint         = "nucl-ex/0409033",
      archivePrefix  = "arXiv",
      primaryClass   = "nucl-ex",
      SLACcitation   = "%%CITATION = NUCL-EX/0409033;%%"
}

@article{Bjorken:1982qr,
      author         = "Bjorken, J. D.",
      title          = "{Highly Relativistic Nucleus-Nucleus Collisions: The
                        Central Rapidity Region}",
      journal        = "Phys. Rev.",
      volume         = "D27",
      year           = "1983",
      pages          = "140-151",
      doi            = "10.1103/PhysRevD.27.140",
      reportNumber   = "FERMILAB-PUB-82-044-THY, FERMILAB-PUB-82-044-T",
      SLACcitation   = "%%CITATION = PHRVA,D27,140;%%"
}

@article{Gale:2012rq,
      author         = "Gale, Charles and Jeon, Sangyong and Schenke, Bjorn and
                        Tribedy, Prithwish and Venugopalan, Raju",
      title          = "{Event-by-event anisotropic flow in heavy-ion collisions
                        from combined Yang-Mills and viscous fluid dynamics}",
      journal        = "Phys. Rev. Lett.",
      volume         = "110",
      year           = "2013",
      number         = "1",
      pages          = "012302",
      doi            = "10.1103/PhysRevLett.110.012302",
      eprint         = "1209.6330",
      archivePrefix  = "arXiv",
      primaryClass   = "nucl-th",
      SLACcitation   = "%%CITATION = ARXIV:1209.6330;%%"
}

@article{ATLAS:2012at,
      author         = "Aad, Georges and others",
      title          = "{Measurement of the azimuthal anisotropy for charged
                        particle production in $\sqrt{s\_{NN}}=2.76$ TeV lead-lead
                        collisions with the ATLAS detector}",
      collaboration  = "ATLAS",
      journal        = "Phys. Rev.",
      volume         = "C86",
      year           = "2012",
      pages          = "014907",
      doi            = "10.1103/PhysRevC.86.014907",
      eprint         = "1203.3087",
      archivePrefix  = "arXiv",
      primaryClass   = "hep-ex",
      reportNumber   = "CERN-PH-EP-2012-035",
      SLACcitation   = "%%CITATION = ARXIV:1203.3087;%%"
}

@article{Gubser:2010ui,
      author         = "Gubser, Steven S. and Yarom, Amos",
      title          = "{Conformal hydrodynamics in Minkowski and de Sitter
                        spacetimes}",
      journal        = "Nucl. Phys.",
      volume         = "B846",
      year           = "2011",
      pages          = "469-511",
      doi            = "10.1016/j.nuclphysb.2011.01.012",
      eprint         = "1012.1314",
      archivePrefix  = "arXiv",
      primaryClass   = "hep-th",
      reportNumber   = "PUPT-2358",
      SLACcitation   = "%%CITATION = ARXIV:1012.1314;%%"
}

@article{Danielewicz:1984ww,
      author         = "Danielewicz, P. and Gyulassy, M.",
      title          = "{Dissipative Phenomena in Quark Gluon Plasmas}",
      journal        = "Phys. Rev.",
      volume         = "D31",
      year           = "1985",
      pages          = "53-62",
      doi            = "10.1103/PhysRevD.31.53",
      SLACcitation   = "%%CITATION = PHRVA,D31,53;%%"
}

@article{Heinz:2013th,
      author         = "Heinz, Ulrich and Snellings, Raimond",
      title          = "{Collective flow and viscosity in relativistic heavy-ion
                        collisions}",
      journal        = "Ann.Rev.Nucl.Part.Sci.",
      volume         = "63",
      pages          = "123-151",
      doi            = "10.1146/annurev-nucl-102212-170540",
      year           = "2013",
      eprint         = "1301.2826",
      archivePrefix  = "arXiv",
      primaryClass   = "nucl-th",
      SLACcitation   = "%%CITATION = ARXIV:1301.2826;%%",
}

@article{Teaney:2003kp,
      author         = "Teaney, Derek",
      title          = "{The Effects of viscosity on spectra, elliptic flow, and
                        HBT radii}",
      journal        = "Phys. Rev.",
      volume         = "C68",
      year           = "2003",
      pages          = "034913",
      doi            = "10.1103/PhysRevC.68.034913",
      eprint         = "nucl-th/0301099",
      archivePrefix  = "arXiv",
      primaryClass   = "nucl-th",
      SLACcitation   = "%%CITATION = NUCL-TH/0301099;%%"
}

@article{Arnold:2000dr,
      author         = "Arnold, Peter Brockway and Moore, Guy D. and Yaffe,
                        Laurence G.",
      title          = "{Transport coefficients in high temperature gauge
                        theories. 1. Leading log results}",
      journal        = "JHEP",
      volume         = "11",
      year           = "2000",
      pages          = "001",
      doi            = "10.1088/1126-6708/2000/11/001",
      eprint         = "hep-ph/0010177",
      archivePrefix  = "arXiv",
      primaryClass   = "hep-ph",
      reportNumber   = "UW-PT-00-15",
      SLACcitation   = "%%CITATION = HEP-PH/0010177;%%"
}

@article{Cooper:1974mv,
      author         = "Cooper, Fred and Frye, Graham",
      title          = "{Comment on the Single Particle Distribution in the
                        Hydrodynamic and Statistical Thermodynamic Models of
                        Multiparticle Production}",
      journal        = "Phys. Rev.",
      volume         = "D10",
      year           = "1974",
      pages          = "186",
      doi            = "10.1103/PhysRevD.10.186",
      reportNumber   = "Print-74-0742 (YESHIVA)",
      SLACcitation   = "%%CITATION = PHRVA,D10,186;%%"
}

@article{Gale:2013da,
      author         = "Gale, Charles and Jeon, Sangyong and Schenke, Bjoern",
      title          = "{Hydrodynamic Modeling of Heavy-Ion Collisions}",
      journal        = "Int.J.Mod.Phys.",
      volume         = "A28",
      pages          = "1340011",
      doi            = "10.1142/S0217751X13400113",
      year           = "2013",
      eprint         = "1301.5893",
      archivePrefix  = "arXiv",
      primaryClass   = "nucl-th",
      SLACcitation   = "%%CITATION = ARXIV:1301.5893;%%",
}

@article{Martinez:2010sc,
      author         = "Martinez, Mauricio and Strickland, Michael",
      title          = "{Dissipative Dynamics of Highly Anisotropic Systems}",
      journal        = "Nucl. Phys.",
      volume         = "A848",
      year           = "2010",
      pages          = "183-197",
      doi            = "10.1016/j.nuclphysa.2010.08.011",
      eprint         = "1007.0889",
      archivePrefix  = "arXiv",
      primaryClass   = "nucl-th",
      SLACcitation   = "%%CITATION = ARXIV:1007.0889;%%"
}

@article{Petersen:2008dd,
      author         = "Petersen, Hannah and Steinheimer, Jan and Burau, Gerhard
                        and Bleicher, Marcus and Stocker, Horst",
      title          = "{A Fully Integrated Transport Approach to Heavy Ion
                        Reactions with an Intermediate Hydrodynamic Stage}",
      journal        = "Phys. Rev.",
      volume         = "C78",
      year           = "2008",
      pages          = "044901",
      doi            = "10.1103/PhysRevC.78.044901",
      eprint         = "0806.1695",
      archivePrefix  = "arXiv",
      primaryClass   = "nucl-th",
      SLACcitation   = "%%CITATION = ARXIV:0806.1695;%%"
}

@article{Miller:2007ri,
      author         = "Miller, Michael L. and Reygers, Klaus and Sanders,
                        Stephen J. and Steinberg, Peter",
      title          = "{Glauber modeling in high energy nuclear collisions}",
      journal        = "Ann. Rev. Nucl. Part. Sci.",
      volume         = "57",
      year           = "2007",
      pages          = "205-243",
      doi            = "10.1146/annurev.nucl.57.090506.123020",
      eprint         = "nucl-ex/0701025",
      archivePrefix  = "arXiv",
      primaryClass   = "nucl-ex",
      SLACcitation   = "%%CITATION = NUCL-EX/0701025;%%"
}

@article{vanderSchee:2013pia,
      author         = "van der Schee, Wilke and Romatschke, Paul and Pratt,
                        Scott",
      title          = "{Fully Dynamical Simulation of Central Nuclear
                        Collisions}",
      journal        = "Phys.Rev.Lett.",
      number         = "22",
      volume         = "111",
      pages          = "222302",
      doi            = "10.1103/PhysRevLett.111.222302",
      year           = "2013",
      eprint         = "1307.2539",
      archivePrefix  = "arXiv",
      SLACcitation   = "%%CITATION = ARXIV:1307.2539;%%",
}

@article{Huovinen:2009yb,
      author         = "Huovinen, Pasi and Petreczky, Pter",
      title          = "{QCD Equation of State and Hadron Resonance Gas}",
      journal        = "Nucl. Phys.",
      volume         = "A837",
      year           = "2010",
      pages          = "26-53",
      doi            = "10.1016/j.nuclphysa.2010.02.015",
      eprint         = "0912.2541",
      archivePrefix  = "arXiv",
      primaryClass   = "hep-ph",
      SLACcitation   = "%%CITATION = ARXIV:0912.2541;%%"
}

@article{Hirano:2005xf,
      author         = "Hirano, Tetsufumi and Heinz, Ulrich W. and Kharzeev,
                        Dmitri and Lacey, Roy and Nara, Yasushi",
      title          = "{Hadronic dissipative effects on elliptic flow in
                        ultrarelativistic heavy-ion collisions}",
      journal        = "Phys. Lett.",
      volume         = "B636",
      year           = "2006",
      pages          = "299-304",
      doi            = "10.1016/j.physletb.2006.03.060",
      eprint         = "nucl-th/0511046",
      archivePrefix  = "arXiv",
      primaryClass   = "nucl-th",
      SLACcitation   = "%%CITATION = NUCL-TH/0511046;%%"
}

@article{Bass:2000ib,
      author         = "Bass, S. A. and Dumitru, A.",
      title          = "{Dynamics of hot bulk QCD matter: From the quark gluon
                        plasma to hadronic freezeout}",
      journal        = "Phys. Rev.",
      volume         = "C61",
      year           = "2000",
      pages          = "064909",
      doi            = "10.1103/PhysRevC.61.064909",
      eprint         = "nucl-th/0001033",
      archivePrefix  = "arXiv",
      primaryClass   = "nucl-th",
      SLACcitation   = "%%CITATION = NUCL-TH/0001033;%%"
}

@article{Luzum:2012wu,
      author         = "Luzum, Matthew and Ollitrault, Jean-Yves",
      title          = "{Extracting the shear viscosity of the quark-gluon plasma
                        from flow in ultra-central heavy-ion collisions}",
      booktitle      = "{Proceedings, 23rd International Conference on
                        Ultrarelativistic Nucleus-Nucleus Collisions : Quark
                        Matter 2012 (QM 2012)}",
      journal        = "Nucl. Phys.",
      volume         = "A904-905",
      year           = "2013",
      pages          = "377c-380c",
      doi            = "10.1016/j.nuclphysa.2013.02.028",
      eprint         = "1210.6010",
      archivePrefix  = "arXiv",
      primaryClass   = "nucl-th",
      SLACcitation   = "%%CITATION = ARXIV:1210.6010;%%"
}

@article{Song:2011qa,
      author         = "Song, Huichao and Bass, Steffen A. and Heinz, Ulrich",
      title          = "{Elliptic flow in 200 A GeV Au+Au collisions and 2.76 A
                        TeV Pb+Pb collisions: insights from viscous hydrodynamics
                        + hadron cascade hybrid model}",
      journal        = "Phys. Rev.",
      volume         = "C83",
      year           = "2011",
      pages          = "054912",
      doi            = "10.1103/PhysRevC.83.054912, 10.1103/PhysRevC.87.019902",
      note           = "[Erratum: Phys. Rev.C87,no.1,019902(2013)]",
      eprint         = "1103.2380",
      archivePrefix  = "arXiv",
      primaryClass   = "nucl-th",
      SLACcitation   = "%%CITATION = ARXIV:1103.2380;%%"
}

@article{Song:2008hj,
      author         = "Song, Huichao and Heinz, Ulrich W.",
      title          = "{Extracting the QGP viscosity from RHIC data - A Status
                        report from viscous hydrodynamics}",
      booktitle      = "{Strangeness in quark matter. Proceedings, International
                        Conference, SQM 2008, Beijing, P.R. China, October 5-10,
                        2008}",
      journal        = "J. Phys.",
      volume         = "G36",
      year           = "2009",
      pages          = "064033",
      doi            = "10.1088/0954-3899/36/6/064033",
      eprint         = "0812.4274",
      archivePrefix  = "arXiv",
      primaryClass   = "nucl-th",
      SLACcitation   = "%%CITATION = ARXIV:0812.4274;%%"
}

@article{Song:2007ux,
      author         = "Song, Huichao and Heinz, Ulrich W.",
      title          = "{Causal viscous hydrodynamics in 2+1 dimensions for
                        relativistic heavy-ion collisions}",
      journal        = "Phys. Rev.",
      volume         = "C77",
      year           = "2008",
      pages          = "064901",
      doi            = "10.1103/PhysRevC.77.064901",
      eprint         = "0712.3715",
      archivePrefix  = "arXiv",
      primaryClass   = "nucl-th",
      reportNumber   = "CERN-PH-TH-2007-269",
      SLACcitation   = "%%CITATION = ARXIV:0712.3715;%%"
}

@article{Dusling:2007gi,
      author         = "Dusling, K. and Teaney, D.",
      title          = "{Simulating elliptic flow with viscous hydrodynamics}",
      journal        = "Phys. Rev.",
      volume         = "C77",
      year           = "2008",
      pages          = "034905",
      doi            = "10.1103/PhysRevC.77.034905",
      eprint         = "0710.5932",
      archivePrefix  = "arXiv",
      primaryClass   = "nucl-th",
      SLACcitation   = "%%CITATION = ARXIV:0710.5932;%%"
}

@article{Romatschke:2007mq,
      author         = "Romatschke, Paul and Romatschke, Ulrike",
      title          = "{Viscosity Information from Relativistic Nuclear
                        Collisions: How Perfect is the Fluid Observed at RHIC?}",
      journal        = "Phys. Rev. Lett.",
      volume         = "99",
      year           = "2007",
      pages          = "172301",
      doi            = "10.1103/PhysRevLett.99.172301",
      eprint         = "0706.1522",
      archivePrefix  = "arXiv",
      primaryClass   = "nucl-th",
      reportNumber   = "INT-PUB-07-14",
      SLACcitation   = "%%CITATION = ARXIV:0706.1522;%%"
}


@unpublished{Ding:2015ona,
      author         = "Ding, Heng-Tong and Karsch, Frithjof and Mukherjee,
                        Swagato",
      title          = "{Thermodynamics of strong-interaction matter from Lattice
                        QCD}",
      year           = "2015",
      note           = "arXiv:1504.05274",
      archivePrefix  = "arXiv",
      primaryClass   = "hep-lat",
      SLACcitation   = "%%CITATION = ARXIV:1504.05274;%%"
}

@unpublished{Fodor:2009ax,
      author         = "Fodor, Z. and Katz, S. D.",
      title          = "{The Phase diagram of quantum chromodynamics}",
      year           = "2009",
      note           = "arXiv:0908.3341",
      archivePrefix  = "arXiv",
      primaryClass   = "hep-ph",
      SLACcitation   = "%%CITATION = ARXIV:0908.3341;%%"
}

@article{Huovinen:2014woa,
      author         = "Huovinen, Pasi and Petreczky, Peter and Schmidt,
                        Christian",
      title          = "{Equation of state at finite net-baryon density using
                        Taylor coefficients up to sixth order}",
      booktitle      = "{Proceedings, 24th International Conference on
                        Ultra-Relativistic Nucleus-Nucleus Collisions (Quark
                        Matter 2014)}",
      journal        = "Nucl. Phys.",
      volume         = "A931",
      year           = "2014",
      pages          = "769-773",
      doi            = "10.1016/j.nuclphysa.2014.08.069",
      eprint         = "1407.8532",
      archivePrefix  = "arXiv",
      primaryClass   = "nucl-th",
      SLACcitation   = "%%CITATION = ARXIV:1407.8532;%%"
}

@article{Kogut:1974ag,
      author         = "Kogut, John B. and Susskind, Leonard",
      title          = "{Hamiltonian Formulation of Wilson's Lattice Gauge
                        Theories}",
      journal        = "Phys. Rev.",
      volume         = "D11",
      year           = "1975",
      pages          = "395-408",
      doi            = "10.1103/PhysRevD.11.395",
      reportNumber   = "Print-74-1186 (CORNELL)",
      SLACcitation   = "%%CITATION = PHRVA,D11,395;%%"
}

@article{Kaplan:1992bt,
      author         = "Kaplan, David B.",
      title          = "{A Method for simulating chiral fermions on the lattice}",
      journal        = "Phys. Lett.",
      volume         = "B288",
      year           = "1992",
      pages          = "342-347",
      doi            = "10.1016/0370-2693(92)91112-M",
      eprint         = "hep-lat/9206013",
      archivePrefix  = "arXiv",
      primaryClass   = "hep-lat",
      reportNumber   = "UCSD-PTH-92-16",
      SLACcitation   = "%%CITATION = HEP-LAT/9206013;%%"
}

@article{Neuberger:1997fp,
      author         = "Neuberger, Herbert",
      title          = "{Exactly massless quarks on the lattice}",
      journal        = "Phys. Lett.",
      volume         = "B417",
      year           = "1998",
      pages          = "141-144",
      doi            = "10.1016/S0370-2693(97)01368-3",
      eprint         = "hep-lat/9707022",
      archivePrefix  = "arXiv",
      primaryClass   = "hep-lat",
      reportNumber   = "RU-97-63",
      SLACcitation   = "%%CITATION = HEP-LAT/9707022;%%"
}

@article{Arnold:2006fz,
      author         = "Arnold, Peter Brockway and Dogan, Caglar and Moore, Guy
                        D.",
      title          = "{The Bulk Viscosity of High-Temperature QCD}",
      journal        = "Phys. Rev.",
      volume         = "D74",
      year           = "2006",
      pages          = "085021",
      doi            = "10.1103/PhysRevD.74.085021",
      eprint         = "hep-ph/0608012",
      archivePrefix  = "arXiv",
      primaryClass   = "hep-ph",
      SLACcitation   = "%%CITATION = HEP-PH/0608012;%%"
}

@article{Dusling:2011fd,
      author         = "Dusling, Kevin and Sch{\"a}fer, Thomas",
      title          = "{Bulk viscosity, particle spectra and flow in heavy-ion
                        collisions}",
      journal        = "Phys. Rev.",
      volume         = "C85",
      year           = "2012",
      pages          = "044909",
      doi            = "10.1103/PhysRevC.85.044909",
      eprint         = "1109.5181",
      archivePrefix  = "arXiv",
      primaryClass   = "hep-ph",
      SLACcitation   = "%%CITATION = ARXIV:1109.5181;%%"
}

@article{Baier:2007ix,
      author         = "Baier, Rudolf and Romatschke, Paul and Son, Dam Thanh and
                        Starinets, Andrei O. and Stephanov, Mikhail A.",
      title          = "{Relativistic viscous hydrodynamics, conformal
                        invariance, and holography}",
      journal        = "JHEP",
      volume         = "04",
      year           = "2008",
      pages          = "100",
      doi            = "10.1088/1126-6708/2008/04/100",
      eprint         = "0712.2451",
      archivePrefix  = "arXiv",
      primaryClass   = "hep-th",
      reportNumber   = "BI-TP-2007-29, INT-PUB-07-45, SHEP-07-47",
      SLACcitation   = "%%CITATION = ARXIV:0712.2451;%%"
}

@article{Hiscock:1985zz,
      author         = "Hiscock, William A. and Lindblom, Lee",
      title          = "{Generic instabilities in first-order dissipative
                        relativistic fluid theories}",
      journal        = "Phys. Rev.",
      volume         = "D31",
      year           = "1985",
      pages          = "725-733",
      doi            = "10.1103/PhysRevD.31.725",
      SLACcitation   = "%%CITATION = PHRVA,D31,725;%%"
}

@article{Schafer:2009dj,
      author         = "Sch{\"a}fer, Thomas and Teaney, Derek",
      title          = "{Nearly Perfect Fluidity: From Cold Atomic Gases to Hot
                        Quark Gluon Plasmas}",
      journal        = "Rept. Prog. Phys.",
      volume         = "72",
      year           = "2009",
      pages          = "126001",
      doi            = "10.1088/0034-4885/72/12/126001",
      eprint         = "0904.3107",
      archivePrefix  = "arXiv",
      primaryClass   = "hep-ph",
      SLACcitation   = "%%CITATION = ARXIV:0904.3107;%%"
}

@article{Schaefer:2014awa,
      author         = "Sch{\"a}fer, Thomas",
      title          = "{Fluid Dynamics and Viscosity in Strongly Correlated
                        Fluids}",
      journal        = "Ann. Rev. Nucl. Part. Sci.",
      volume         = "64",
      year           = "2014",
      pages          = "125-148",
      doi            = "10.1146/annurev-nucl-102313-025439",
      eprint         = "1403.0653",
      archivePrefix  = "arXiv",
      primaryClass   = "hep-ph",
      SLACcitation   = "%%CITATION = ARXIV:1403.0653;%%"
}

@article{York:2008rr,
      author         = "York, Mark Abraao and Moore, Guy D.",
      title          = "{Second order hydrodynamic coefficients from kinetic
                        theory}",
      journal        = "Phys. Rev.",
      volume         = "D79",
      year           = "2009",
      pages          = "054011",
      doi            = "10.1103/PhysRevD.79.054011",
      eprint         = "0811.0729",
      archivePrefix  = "arXiv",
      primaryClass   = "hep-ph",
      SLACcitation   = "%%CITATION = ARXIV:0811.0729;%%"
}

@article{Baym:1990uj,
      author         = "Baym, G. and Monien, H. and Pethick, C. J. and Ravenhall,
                        D. G.",
      title          = "{Transverse Interactions and Transport in Relativistic
                        Quark - Gluon and Electromagnetic Plasmas}",
      journal        = "Phys. Rev. Lett.",
      volume         = "64",
      year           = "1990",
      pages          = "1867-1870",
      doi            = "10.1103/PhysRevLett.64.1867",
      SLACcitation   = "%%CITATION = PRLTA,64,1867;%%"
}

@article{Arnold:2003zc,
      author         = "Arnold, Peter Brockway and Moore, Guy D and Yaffe,
                        Laurence G.",
      title          = "{Transport coefficients in high temperature gauge
                        theories. 2. Beyond leading log}",
      journal        = "JHEP",
      volume         = "05",
      year           = "2003",
      pages          = "051",
      doi            = "10.1088/1126-6708/2003/05/051",
      eprint         = "hep-ph/0302165",
      archivePrefix  = "arXiv",
      primaryClass   = "hep-ph",
      SLACcitation   = "%%CITATION = HEP-PH/0302165;%%"
}
@book{Kadanoff,
      author         = "Kadanoff, L.~P. and Baym, G.",
      title          = "Quantum Statistical Mechanics", 
      publisher      = "W.~A.~Benjamin",
      year           = "1962"
}

@book{Creutz:1983,
      author         = "Creutz, M.",
      title          = "Quarks, Gluons, and Lattices", 
      publisher      = "Cambridge University Press ",
      year           = "1983"
}

@article{Creutz:2004,
      author         = "Creutz, M.",
      title          = "Simulating quarks", 
      volume         = "March/April 2004",
      journal        = "Computers in Science \& Engineering",
      pages          = "80",
      year           = "2004"
}

@book{Montvay:1994,
      author         = "Montvay, I. and M{\"u}nster, G.",
      title          = "Quantum Fields on a Lattice ", 
      publisher      = "Cambridge University Press",
      year           = "1994"
}

@book{Smit:2002,
      author         = "Smit, J.",
      title          = "Introduction to Quantum Fields on a Lattice", 
      publisher      = "Cambridge University Press",
      year           = "2002"
}

@book{Gattringer:2009,
      author         = "Gattringer, C. and Lang, C.~B.",
      title          = "Quantum Chromodynamics on the Lattice", 
      publisher      = "Springer",
      year           = "2009"
}

@book{Lin:2014,
      author         = "Lin, H.-W. and Meyer, H.~B.",
      title          = "Lattice QCD for Nuclear Physics", 
      publisher      = "Springer",
      year           = "2014"
}

@book{Landau:kin,
      author         = "Landau, Lev D and Lifshitz, Evgeny M",
      title          = "Physical Kinetics, Course of Theoretical Physics, Vol.X", 
      publisher      = "Pergamon Press",
      year           = "1981"
}

@book{Feynman,
      author         = "Feynman, Richard P and Hibbs, Albert R",
      title          = "Quantum Mechanics and Path Integrals", 
      publisher      = "McGraw-Hill",
      year           = "1965"
}

@book{Rezzolla:2013,
      author         = "Rezzolla, L and Zanotti, O",
      title          = "Relativistic Hydrodynamics", 
      publisher      = "Oxford University Press",
      year           = "2013"
}

@book{Baym:1991,
      author         = "Baym, Gordon and Pethick, Christopher",
      title          = "Landau Fermi Liquid Theory", 
      publisher      = "Wiley, New York",
      year           = "1991"
}

@book{Brown:1971,
      author         = "Brown, Gerald E",
      title          = "Unified Theory of Nuclear Models and Forces", 
      publisher      = "North Holland",
      year           = "1971"
}

@book{Brown:1972,
      author         = "Brown, Gerald E",
      title          = "Many Body Problems", 
      publisher      = "North Holland",
      year           = "1972"
}

@article{Young:2013fka,
      author         = "Young, Clint",
      title          = "{Numerical integration of thermal noise in relativistic
                        hydrodynamics}",
      journal        = "Phys. Rev.",
      volume         = "C89",
      year           = "2014",
      number         = "2",
      pages          = "024913",
      doi            = "10.1103/PhysRevC.89.024913",
      eprint         = "1306.0472",
      archivePrefix  = "arXiv",
      primaryClass   = "nucl-th",
      SLACcitation   = "%%CITATION = ARXIV:1306.0472;%%"
}

@article{Murase:2013tma,
      author         = "Murase, Koichi and Hirano, Tetsufumi",
      title          = "{Relativistic fluctuating hydrodynamics with memory
                        functions and colored noises}",
      year           = "2013",
      eprint         = "1304.3243",
      archivePrefix  = "arXiv",
      primaryClass   = "nucl-th",
      SLACcitation   = "%%CITATION = ARXIV:1304.3243;%%"
}

@article{Kovtun:2011np,
      author         = "Kovtun, Pavel and Moore, Guy D. and Romatschke, Paul",
      title          = "{The stickiness of sound: An absolute lower limit on
                        viscosity and the breakdown of second order relativistic
                        hydrodynamics}",
      journal        = "Phys. Rev.",
      volume         = "D84",
      year           = "2011",
      pages          = "025006",
      doi            = "10.1103/PhysRevD.84.025006",
      eprint         = "1104.1586",
      archivePrefix  = "arXiv",
      primaryClass   = "hep-ph",
      SLACcitation   = "%%CITATION = ARXIV:1104.1586;%%"
}

@article{Basar:2013hea,
      author         = "Basarar, Gokce and Teaney, Derek",
      title          = "{Scaling relation between pA and AA collisions}",
      journal        = "Phys. Rev.",
      volume         = "C90",
      year           = "2014",
      number         = "5",
      pages          = "054903",
      doi            = "10.1103/PhysRevC.90.054903",
      eprint         = "1312.6770",
      archivePrefix  = "arXiv",
      primaryClass   = "nucl-th",
      SLACcitation   = "%%CITATION = ARXIV:1312.6770;%%"
}

@article{ABELEV:2013wsa,
      author         = "Abelev, Betty Bezverkhny and others",
      title          = "{Long-range angular correlations of $\rm \pi$, K and p in
                        p-Pb collisions at $\sqrt{s\_{\rm NN}}$ = 5.02 TeV}",
      collaboration  = "ALICE",
      journal        = "Phys. Lett.",
      volume         = "B726",
      year           = "2013",
      pages          = "164-177",
      doi            = "10.1016/j.physletb.2013.08.024",
      eprint         = "1307.3237",
      archivePrefix  = "arXiv",
      primaryClass   = "nucl-ex",
      reportNumber   = "CERN-PH-EP-2013-115",
      SLACcitation   = "%%CITATION = ARXIV:1307.3237;%%"
}

@article{McLerran:2013oju,
      author         = "McLerran, Larry and Praszalowicz, Michal and Schenke,
                        Bjorn",
      title          = "{Transverse Momentum of Protons, Pions and Kaons in High
                        Multiplicity pp and pA Collisions: Evidence for the Color
                        Glass Condensate?}",
      journal        = "Nucl. Phys.",
      volume         = "A916",
      year           = "2013",
      pages          = "210-218",
      doi            = "10.1016/j.nuclphysa.2013.08.008",
      eprint         = "1306.2350",
      archivePrefix  = "arXiv",
      primaryClass   = "hep-ph",
      SLACcitation   = "%%CITATION = ARXIV:1306.2350;%%"
}

@article{Chatrchyan:2013nka,
      author         = "Chatrchyan, Serguei and others",
      title          = "{Multiplicity and transverse momentum dependence of two-
                        and four-particle correlations in pPb and PbPb
                        collisions}",
      collaboration  = "CMS",
      journal        = "Phys. Lett.",
      volume         = "B724",
      year           = "2013",
      pages          = "213-240",
      doi            = "10.1016/j.physletb.2013.06.028",
      eprint         = "1305.0609",
      archivePrefix  = "arXiv",
      primaryClass   = "nucl-ex",
      reportNumber   = "CMS-HIN-13-002, CERN-PH-EP-2013-077",
      SLACcitation   = "%%CITATION = ARXIV:1305.0609;%%"
}

@article{Aad:2013fja,
      author         = "Aad, Georges and others",
      title          = "{Measurement with the ATLAS detector of multi-particle
                        azimuthal correlations in p+Pb collisions at
                        sqrt(s\_NN)=5.02 TeV}",
      collaboration  = "ATLAS",
      journal        = "Phys. Lett.",
      volume         = "B725",
      year           = "2013",
      pages          = "60-78",
      doi            = "10.1016/j.physletb.2013.06.057",
      eprint         = "1303.2084",
      archivePrefix  = "arXiv",
      primaryClass   = "hep-ex",
      reportNumber   = "CERN-PH-EP-2013-029",
      SLACcitation   = "%%CITATION = ARXIV:1303.2084;%%"
}

@article{Dusling:2013oia,
      author         = "Dusling, Kevin and Venugopalan, Raju",
      title          = "{Comparison of the color glass condensate to dihadron
                        correlations in proton-proton and proton-nucleus
                        collisions}",
      journal        = "Phys. Rev.",
      volume         = "D87",
      year           = "2013",
      number         = "9",
      pages          = "094034",
      doi            = "10.1103/PhysRevD.87.094034",
      eprint         = "1302.7018",
      archivePrefix  = "arXiv",
      primaryClass   = "hep-ph",
      SLACcitation   = "%%CITATION = ARXIV:1302.7018;%%"
}

@article{Shen:2012vn,
      author         = "Shen, Chun and Heinz, Ulrich",
      title          = "{Collision Energy Dependence of Viscous Hydrodynamic Flow
                        in Relativistic Heavy-Ion Collisions}",
      journal        = "Phys. Rev.",
      volume         = "C85",
      year           = "2012",
      pages          = "054902",
      doi            = "10.1103/PhysRevC.86.049903, 10.1103/PhysRevC.85.054902",
      note           = "[Erratum: Phys. Rev.C86,049903(2012)]",
      eprint         = "1202.6620",
      archivePrefix  = "arXiv",
      primaryClass   = "nucl-th",
      SLACcitation   = "%%CITATION = ARXIV:1202.6620;%%"
}

@article{Kharzeev:2010gr,
      author         = "Kharzeev, Dmitri E. and Son, Dam T.",
      title          = "{Testing the chiral magnetic and chiral vortical effects
                        in heavy ion collisions}",
      journal        = "Phys. Rev. Lett.",
      volume         = "106",
      year           = "2011",
      pages          = "062301",
      doi            = "10.1103/PhysRevLett.106.062301",
      eprint         = "1010.0038",
      archivePrefix  = "arXiv",
      primaryClass   = "hep-ph",
      reportNumber   = "BNL-94104-2010-JA, INT-PUB-10-053",
      SLACcitation   = "%%CITATION = ARXIV:1010.0038;%%"
}

@article{Son:2009tf,
      author         = "Son, Dam T. and Surowka, Piotr",
      title          = "{Hydrodynamics with Triangle Anomalies}",
      journal        = "Phys. Rev. Lett.",
      volume         = "103",
      year           = "2009",
      pages          = "191601",
      doi            = "10.1103/PhysRevLett.103.191601",
      eprint         = "0906.5044",
      archivePrefix  = "arXiv",
      primaryClass   = "hep-th",
      reportNumber   = "INT-PUB-09-030",
      SLACcitation   = "%%CITATION = ARXIV:0906.5044;%%"
}

@article{Erdmenger:2008rm,
      author         = "Erdmenger, Johanna and Haack, Michael and Kaminski,
                        Matthias and Yarom, Amos",
      title          = "{Fluid dynamics of R-charged black holes}",
      journal        = "JHEP",
      volume         = "01",
      year           = "2009",
      pages          = "055",
      doi            = "10.1088/1126-6708/2009/01/055",
      eprint         = "0809.2488",
      archivePrefix  = "arXiv",
      primaryClass   = "hep-th",
      reportNumber   = "LMU-ASC-48-08, MPP-2008-116",
      SLACcitation   = "%%CITATION = ARXIV:0809.2488;%%"
}

@article{Bhalerao:2005mm,
      author         = "Bhalerao, R. S. and Blaizot, Jean-Paul and Borghini,
                        Nicolas and Ollitrault, Jean-Yves",
      title          = "{Elliptic flow and incomplete equilibration at RHIC}",
      journal        = "Phys. Lett.",
      volume         = "B627",
      year           = "2005",
      pages          = "49-54",
      doi            = "10.1016/j.physletb.2005.08.131",
      eprint         = "nucl-th/0508009",
      archivePrefix  = "arXiv",
      primaryClass   = "nucl-th",
      reportNumber   = "ECT*-05-06, CERN-PH-TH-2005-143, SPHT-T05-126,
                        TIFR-TH-05-30",
      SLACcitation   = "%%CITATION = NUCL-TH/0508009;%%"
}

@article{Alt:2003ab,
      author         = "Alt, C. and others",
      title          = "{Directed and elliptic flow of charged pions and protons
                        in Pb + Pb collisions at 40-A-GeV and 158-A-GeV}",
      collaboration  = "NA49",
      journal        = "Phys. Rev.",
      volume         = "C68",
      year           = "2003",
      pages          = "034903",
      doi            = "10.1103/PhysRevC.68.034903",
      eprint         = "nucl-ex/0303001",
      archivePrefix  = "arXiv",
      primaryClass   = "nucl-ex",
      SLACcitation   = "%%CITATION = NUCL-EX/0303001;%%"
}

@article{Voloshin:1999gs,
      author         = "Voloshin, S. A. and Poskanzer, Arthur M.",
      title          = "{The Physics of the centrality dependence of elliptic
                        flow}",
      journal        = "Phys. Lett.",
      volume         = "B474",
      year           = "2000",
      pages          = "27-32",
      doi            = "10.1016/S0370-2693(00)00017-4",
      eprint         = "nucl-th/9906075",
      archivePrefix  = "arXiv",
      primaryClass   = "nucl-th",
      SLACcitation   = "%%CITATION = NUCL-TH/9906075;%%"
}

@article{Heiselberg:1998es,
      author         = "Heiselberg, Henning and Levy, Anne-Marie",
      title          = "{Elliptic flow and HBT in noncentral nuclear collisions}",
      journal        = "Phys. Rev.",
      volume         = "C59",
      year           = "1999",
      pages          = "2716-2727",
      doi            = "10.1103/PhysRevC.59.2716",
      eprint         = "nucl-th/9812034",
      archivePrefix  = "arXiv",
      primaryClass   = "nucl-th",
      SLACcitation   = "%%CITATION = NUCL-TH/9812034;%%"
}

@article{Romatschke:2015dha,
      author         = "Romatschke, Paul",
      title          = "{Collective flow without hydrodynamics: simulation
                        results for relativistic ion collisions}",
      year           = "2015",
      eprint         = "1504.02529",
      archivePrefix  = "arXiv",
      primaryClass   = "nucl-th",
      SLACcitation   = "%%CITATION = ARXIV:1504.02529;%%"
}

@article{Khachatryan:2015waa,
      author         = "Khachatryan, Vardan and others",
      title          = "{Evidence for Collective Multiparticle Correlations in
                        p-Pb Collisions}",
      collaboration  = "CMS",
      journal        = "Phys. Rev. Lett.",
      volume         = "115",
      year           = "2015",
      number         = "1",
      pages          = "012301",
      doi            = "10.1103/PhysRevLett.115.012301",
      eprint         = "1502.05382",
      archivePrefix  = "arXiv",
      primaryClass   = "nucl-ex",
      reportNumber   = "CMS-HIN-14-006, CERN-PH-EP-2015-011",
      SLACcitation   = "%%CITATION = ARXIV:1502.05382;%%"
}

@article{Gasser:1986vb,
      author         = "Gasser, J. and Leutwyler, H.",
      title          = "{Light Quarks at Low Temperatures}",
      journal        = "Phys. Lett.",
      volume         = "B184",
      year           = "1987",
      pages          = "83",
      doi            = "10.1016/0370-2693(87)90492-8",
      reportNumber   = "BUTP-86/19-BERN",
      SLACcitation   = "%%CITATION = PHLTA,B184,83;%%"
}

@article{Dey:1990ba,
      author         = "Dey, M. and Eletsky, V. L. and Ioffe, B. L.",
      title          = "{Mixing of vector and axial mesons at finite temperature:
                        an Indication towards chiral symmetry restoration}",
      booktitle      = "{Phys. Lett. B252 (1990) 620-624 and Moscow Inst. Theor.
                        Exp. Phys. - ITEF-90-119 (90/10,rec.Feb.91) 9 p.}",
      journal        = "Phys. Lett.",
      volume         = "B252",
      year           = "1990",
      pages          = "620-624",
      doi            = "10.1016/0370-2693(90)90495-R",
      reportNumber   = "ITEP-90-119",
      SLACcitation   = "%%CITATION = PHLTA,B252,620;%%"
}

@article{Brown:1975di,
      author         = "Brown, G. E. and Weise, W.",
      title          = "{Pion Scattering and Isobars in Nuclei}",
      journal        = "Phys. Rept.",
      volume         = "22",
      year           = "1975",
      pages          = "279-337",
      doi            = "10.1016/0370-1573(75)90026-5",
      SLACcitation   = "%%CITATION = PRPLC,22,279;%%"
}

@article{Meissner:1987ge,
      author         = "Meissner, Ulf G.",
      title          = "{Low-Energy Hadron Physics from Effective Chiral
                        Lagrangians with Vector Mesons}",
      journal        = "Phys. Rept.",
      volume         = "161",
      year           = "1988",
      pages          = "213",
      doi            = "10.1016/0370-1573(88)90090-7",
      reportNumber   = "MIT-CTP-1471",
      SLACcitation   = "%%CITATION = PRPLC,161,213;%%"
}

@article{Bando:1987br,
      author         = "Bando, Masako and Kugo, Taichiro and Yamawaki, Koichi",
      title          = "{Nonlinear Realization and Hidden Local Symmetries}",
      journal        = "Phys. Rept.",
      volume         = "164",
      year           = "1988",
      pages          = "217-314",
      doi            = "10.1016/0370-1573(88)90019-1",
      reportNumber   = "DPNU-87-63, AICHI-1, KUNS-903",
      SLACcitation   = "%%CITATION = PRPLC,164,217;%%"
}

@article{Rapp:2009yu,
      author         = "Rapp, R. and Wambach, J. and van Hees, H.",
      title          = "{The Chiral Restoration Transition of QCD and Low Mass
                        Dileptons}",
      journal        = "Landolt-Bornstein",
      volume         = "23",
      year           = "2010",
      pages          = "134",
      doi            = "10.1007/978-3-642-01539-7_6",
      eprint         = "0901.3289",
      archivePrefix  = "arXiv",
      primaryClass   = "hep-ph",
      SLACcitation   = "%%CITATION = ARXIV:0901.3289;%%"
}

@article{Brown:1991kk,
      author         = "Brown, G. E. and Rho, Mannque",
      title          = "{Scaling effective Lagrangians in a dense medium}",
      journal        = "Phys. Rev. Lett.",
      volume         = "66",
      year           = "1991",
      pages          = "2720-2723",
      doi            = "10.1103/PhysRevLett.66.2720",
      SLACcitation   = "%%CITATION = PRLTA,66,2720;%%"
}

@article{Baym:1975va,
      author         = "Baym, Gordon and Chin, Siu A.",
      title          = "{Landau Theory of Relativistic Fermi Liquids}",
      journal        = "Nucl. Phys.",
      volume         = "A262",
      year           = "1976",
      pages          = "527",
      doi            = "10.1016/0375-9474(76)90513-3",
      reportNumber   = "Print-76-0117 (ILLINOIS)",
      SLACcitation   = "%%CITATION = NUPHA,A262,527;%%"
}

@article{Jeon:1995zm,
      author         = "Jeon, Sangyong and Yaffe, Laurence G.",
      title          = "{From quantum field theory to hydrodynamics: Transport
                        coefficients and effective kinetic theory}",
      journal        = "Phys. Rev.",
      volume         = "D53",
      year           = "1996",
      pages          = "5799-5809",
      doi            = "10.1103/PhysRevD.53.5799",
      eprint         = "hep-ph/9512263",
      archivePrefix  = "arXiv",
      primaryClass   = "hep-ph",
      reportNumber   = "UW-PT-95-09",
      SLACcitation   = "%%CITATION = HEP-PH/9512263;%%"
}

@article{Blaizot:1999ip,
      author         = "Blaizot, J. P. and Iancu, Edmond and Rebhan, A.",
      title          = "{The Entropy of the QCD plasma}",
      journal        = "Phys. Rev. Lett.",
      volume         = "83",
      year           = "1999",
      pages          = "2906-2909",
      doi            = "10.1103/PhysRevLett.83.2906",
      eprint         = "hep-ph/9906340",
      archivePrefix  = "arXiv",
      primaryClass   = "hep-ph",
      reportNumber   = "SACLAY-SPH-T-99-055, TUW-99-13",
      SLACcitation   = "%%CITATION = HEP-PH/9906340;%%"
}

@article{Peshier:2004bv,
      author         = "Peshier, A.",
      title          = "{Hard gluon damping in hot QCD}",
      journal        = "Phys. Rev.",
      volume         = "D70",
      year           = "2004",
      pages          = "034016",
      doi            = "10.1103/PhysRevD.70.034016",
      eprint         = "hep-ph/0403225",
      archivePrefix  = "arXiv",
      primaryClass   = "hep-ph",
      SLACcitation   = "%%CITATION = HEP-PH/0403225;%%"
}

@article{Meyer:2007dy,
      author         = "Meyer, Harvey B.",
      title          = "{A Calculation of the bulk viscosity in SU(3)
                        gluodynamics}",
      journal        = "Phys. Rev. Lett.",
      volume         = "100",
      year           = "2008",
      pages          = "162001",
      doi            = "10.1103/PhysRevLett.100.162001",
      eprint         = "0710.3717",
      archivePrefix  = "arXiv",
      primaryClass   = "hep-lat",
      reportNumber   = "MIT-CTP-3881",
      SLACcitation   = "%%CITATION = ARXIV:0710.3717;%%"
}

@article{Sakai:2007cm,
      author         = "Sakai, Sunao and Nakamura, Atsushi",
      title          = "{Lattice calculation of the QGP viscosities: Present
                        results and next project}",
      booktitle      = "{Proceedings, 25th International Symposium on Lattice
                        field theory  (Lattice 2007)}",
      journal        = "PoS",
      volume         = "LAT2007",
      year           = "2007",
      pages          = "221",
      doi            = "10.1063/1.2729742",
      note           = "[AIP Conf. Proc.893,5(2007)]",
      eprint         = "0710.3625",
      archivePrefix  = "arXiv",
      primaryClass   = "hep-lat",
      SLACcitation   = "%%CITATION = ARXIV:0710.3625;%%"
}

@article{Aarts:2007va,
      author         = "Aarts, Gert",
      title          = "{Transport and spectral functions in high-temperature
                        QCD}",
      booktitle      = "{Proceedings, 25th International Symposium on Lattice
                        field theory  (Lattice 2007)}",
      journal        = "PoS",
      volume         = "LAT2007",
      year           = "2007",
      pages          = "001",
      eprint         = "0710.0739",
      archivePrefix  = "arXiv",
      primaryClass   = "hep-lat",
      SLACcitation   = "%%CITATION = ARXIV:0710.0739;%%"
}

@article{Meyer:2007ed,
      author         = "Meyer, Harvey B. and Negele, John W.",
      title          = "{The Glue content of the pion}",
      booktitle      = "{Proceedings, 25th International Symposium on Lattice
                        field theory  (Lattice 2007)}",
      journal        = "PoS",
      volume         = "LAT2007",
      year           = "2007",
      pages          = "154",
      eprint         = "0710.0019",
      archivePrefix  = "arXiv",
      primaryClass   = "hep-lat",
      reportNumber   = "MIT-CTP-3872",
      SLACcitation   = "%%CITATION = ARXIV:0710.0019;%%"
}

@article{Meyer:2007ic,
      author         = "Meyer, Harvey B.",
      title          = "{A Calculation of the shear viscosity in SU(3)
                        gluodynamics}",
      journal        = "Phys. Rev.",
      volume         = "D76",
      year           = "2007",
      pages          = "101701",
      doi            = "10.1103/PhysRevD.76.101701",
      eprint         = "0704.1801",
      archivePrefix  = "arXiv",
      primaryClass   = "hep-lat",
      reportNumber   = "MIT-CTP-3830",
      SLACcitation   = "%%CITATION = ARXIV:0704.1801;%%"
}

@article{Aarts:2007wj,
      author         = "Aarts, Gert and Allton, Chris and Foley, Justin and
                        Hands, Simon and Kim, Seyong",
      title          = "{Spectral functions at small energies and the electrical
                        conductivity in hot, quenched lattice QCD}",
      journal        = "Phys. Rev. Lett.",
      volume         = "99",
      year           = "2007",
      pages          = "022002",
      doi            = "10.1103/PhysRevLett.99.022002",
      eprint         = "hep-lat/0703008",
      archivePrefix  = "arXiv",
      primaryClass   = "HEP-LAT",
      SLACcitation   = "%%CITATION = HEP-LAT/0703008;%%"
}

@article{Aarts:2006wt,
      author         = "Aarts, Gert and Allton, Chris and Foley, Justin and
                        Hands, Simon and Kim, Seyong",
      title          = "{Meson spectral functions at nonzero momentum in hot
                        QCD}",
      booktitle      = "{Proceedings, 7th International Conference on Strong and
                        electroweak matter (SEWM 2006)}",
      journal        = "Nucl. Phys.",
      volume         = "A785",
      year           = "2007",
      pages          = "202-205",
      doi            = "10.1016/j.nuclphysa.2006.11.148",
      eprint         = "hep-lat/0607012",
      archivePrefix  = "arXiv",
      primaryClass   = "hep-lat",
      reportNumber   = "SWAT-06-467",
      SLACcitation   = "%%CITATION = HEP-LAT/0607012;%%"
}

@article{Karsch:1986cq,
      author         = "Karsch, F. and Wyld, H. W.",
      title          = "{Thermal Green's Functions and Transport Coefficients on
                        the Lattice}",
      journal        = "Phys. Rev.",
      volume         = "D35",
      year           = "1987",
      pages          = "2518",
      doi            = "10.1103/PhysRevD.35.2518",
      reportNumber   = "ILL-TH-86-51",
      SLACcitation   = "%%CITATION = PHRVA,D35,2518;%%"
}

@article{Meyer:2008gt,
      author         = "Meyer, Harvey B.",
      title          = "{Energy-momentum tensor correlators and spectral
                        functions}",
      journal        = "JHEP",
      volume         = "08",
      year           = "2008",
      pages          = "031",
      doi            = "10.1088/1126-6708/2008/08/031",
      eprint         = "0806.3914",
      archivePrefix  = "arXiv",
      primaryClass   = "hep-lat",
      reportNumber   = "MIT-CTP-3956",
      SLACcitation   = "%%CITATION = ARXIV:0806.3914;%%"
}


@article{Cristoforetti:2012su,
      author         = "Cristoforetti, Marco and Di Renzo, Francesco and
                        Scorzato, Luigi",
      title          = "{New approach to the sign problem in quantum field
                        theories: High density QCD on a Lefschetz thimble}",
      collaboration  = "AuroraScience",
      journal        = "Phys. Rev.",
      volume         = "D86",
      year           = "2012",
      pages          = "074506",
      doi            = "10.1103/PhysRevD.86.074506",
      eprint         = "1205.3996",
      archivePrefix  = "arXiv",
      primaryClass   = "hep-lat",
      SLACcitation   = "%%CITATION = ARXIV:1205.3996;%%"
}

@article{Aarts:2014nxa,
      author         = "Aarts, Gert and Bongiovanni, Lorenzo and Seiler, Erhard
                        and Sexty, Denes",
      title          = "{Some remarks on Lefschetz thimbles and complex Langevin
                        dynamics}",
      journal        = "JHEP",
      volume         = "10",
      year           = "2014",
      pages          = "159",
      doi            = "10.1007/JHEP10(2014)159",
      eprint         = "1407.2090",
      archivePrefix  = "arXiv",
      primaryClass   = "hep-lat",
      SLACcitation   = "%%CITATION = ARXIV:1407.2090;%%"
}

@article{Aarts:2009uq,
      author         = "Aarts, Gert and Seiler, Erhard and Stamatescu,
                        Ion-Olimpiu",
      title          = "{The Complex Langevin method: When can it be trusted?}",
      journal        = "Phys. Rev.",
      volume         = "D81",
      year           = "2010",
      pages          = "054508",
      doi            = "10.1103/PhysRevD.81.054508",
      eprint         = "0912.3360",
      archivePrefix  = "arXiv",
      primaryClass   = "hep-lat",
      SLACcitation   = "%%CITATION = ARXIV:0912.3360;%%"
}

@article{Sexty:2013ica,
      author         = "Sexty, Denes",
      title          = "{Simulating full QCD at nonzero density using the complex
                        Langevin equation}",
      journal        = "Phys. Lett.",
      volume         = "B729",
      year           = "2014",
      pages          = "108-111",
      doi            = "10.1016/j.physletb.2014.01.019",
      eprint         = "1307.7748",
      archivePrefix  = "arXiv",
      primaryClass   = "hep-lat",
      SLACcitation   = "%%CITATION = ARXIV:1307.7748;%%"
}

@article{Kloiber:2013rba,
      author         = "Kloiber, Thomas and Gattringer, Christof",
      title          = "{Dual Methods for Lattice Field Theories at Finite
                        Density}",
      booktitle      = "{Proceedings, 31st International Symposium on Lattice
                        Field Theory (Lattice 2013)}",
      journal        = "PoS",
      volume         = "LATTICE2013",
      year           = "2014",
      pages          = "206",
      eprint         = "1310.8535",
      archivePrefix  = "arXiv",
      primaryClass   = "hep-lat",
      SLACcitation   = "%%CITATION = ARXIV:1310.8535;%%"
}

@article{Meyer:2011gj,
      author         = "Meyer, Harvey B.",
      title          = "{Transport Properties of the Quark-Gluon Plasma: A
                        Lattice QCD Perspective}",
      journal        = "Eur. Phys. J.",
      volume         = "A47",
      year           = "2011",
      pages          = "86",
      doi            = "10.1140/epja/i2011-11086-3",
      eprint         = "1104.3708",
      archivePrefix  = "arXiv",
      primaryClass   = "hep-lat",
      SLACcitation   = "%%CITATION = ARXIV:1104.3708;%%"
}

@article{Aoki:2006br,
	Archiveprefix = {arXiv},
	Author = {Y. Aoki and Z. Fodor and S. D. Katz and K. K. Szabo},
	Doi = {10.1016/j.physletb.2006.10.021},
	Eprint = {hep-lat/0609068},
	Journal = {Phys. Lett.},
	Pages = {46--54},
	Slaccitation = {%%CITATION = HEP-LAT/0609068;%%},
	Title = {{The QCD transition temperature: Results with physical masses in the continuum limit}},
	Volume = {B643},
	Year = 2006,
	Bdsk-Url-1 = {http://dx.doi.org/10.1016/j.physletb.2006.10.021}}

@article{Bazavov:2014pvz,
	Archiveprefix = {arXiv},
	Author = {Bazavov, A. and others},
	Collaboration = {HotQCD},
	Date-Added = {2015-08-19 03:51:51 +0000},
	Date-Modified = {2015-08-19 03:51:51 +0000},
	Doi = {10.1103/PhysRevD.90.094503},
	Eprint = {1407.6387},
	Journal = {Phys. Rev.},
	Number = {9},
	Pages = {094503},
	Primaryclass = {hep-lat},
	Reportnumber = {BNL-105928-2014-JA},
	Slaccitation = {%%CITATION = ARXIV:1407.6387;%%},
	Title = {{Equation of state in ( 2+1 )-flavor QCD}},
	Volume = {D90},
	Year = {2014},
	Bdsk-Url-1 = {http://dx.doi.org/10.1103/PhysRevD.90.094503}}

@article{Stephanov:2004wx,
	Archiveprefix = {arXiv},
	Author = {Mikhail A. Stephanov},
	Eprint = {hep-ph/0402115},
	Journal = {Prog. Theor. Phys. Suppl.},
	Pages = {139--156},
	Slaccitation = {%%CITATION = HEP-PH/0402115;%%},
	Title = {{QCD phase diagram and the critical point}},
	Volume = {153},
	Year = 2004}

@article{Fodor:2001pe,
	Archive = {http://arXiv.org/abs},
	Author = {Z. Fodor and S. D. Katz},
	Eprint = {hep-lat/0106002},
	Journal = {JHEP},
	Pages = {014},
	Slaccitation = {%%CITATION = HEP-LAT 0106002;%%},
	Title = {Lattice determination of the critical point of QCD at finite T and mu},
	Volume = {03},
	Year = 2002}

@article{Asakawa:2000wh,
	Archive = {http://arXiv.org/abs},
	Author = {Masayuki Asakawa and Ulrich W. Heinz and Berndt Muller},
	Eprint = {hep-ph/0003169},
	Journal = {Phys. Rev. Lett.},
	Pages = {2072--2075},
	Slaccitation = {%%CITATION = HEP-PH 0003169;%%},
	Title = {Fluctuation probes of quark deconfinement},
	Volume = {85},
	Year = 2000}

@article{Fodor:2004nz,
	Archiveprefix = {arXiv},
	Author = {Fodor, Z. and Katz, S.D.},
	Doi = {10.1088/1126-6708/2004/04/050},
	Eprint = {hep-lat/0402006},
	Journal = {JHEP},
	Pages = {050},
	Primaryclass = {hep-lat},
	Reportnumber = {ITP-BUDAPEST-609, WUB-04-04},
	Slaccitation = {%%CITATION = HEP-LAT/0402006;%%},
	Title = {{Critical point of QCD at finite T and mu, lattice results for physical quark masses}},
	Volume = {0404},
	Year = 2004,
	Bdsk-Url-1 = {http://dx.doi.org/10.1088/1126-6708/2004/04/050}}

@article{Datta:2012pj,
	Archiveprefix = {arXiv},
	Author = {Datta, Saumen and Gavai, Rajiv V. and Gupta, Sourendu},
	Booktitle = {{Proceedings, 23rd International Conference on Ultrarelativistic Nucleus-Nucleus Collisions : Quark Matter 2012 (QM 2012)}},
	Date-Added = {2015-08-19 03:51:51 +0000},
	Date-Modified = {2015-08-19 03:51:51 +0000},
	Doi = {10.1016/j.nuclphysa.2013.02.156},
	Eprint = {1210.6784},
	Journal = {Nucl. Phys.},
	Pages = {883c-886c},
	Primaryclass = {hep-lat},
	Reportnumber = {TIFR-TH-12-36},
	Slaccitation = {%%CITATION = ARXIV:1210.6784;%%},
	Title = {{The QCD Critical Point : marching towards continuum}},
	Volume = {A904-905},
	Year = {2013},
	Bdsk-Url-1 = {http://dx.doi.org/10.1016/j.nuclphysa.2013.02.156}}

@article{Gavai:2008zr,
	Archiveprefix = {arXiv},
	Author = {Gavai, R. V. and Gupta, Sourendu},
	Date-Added = {2015-07-20 19:37:21 +0000},
	Date-Modified = {2015-07-20 19:37:21 +0000},
	Doi = {10.1103/PhysRevD.78.114503},
	Eprint = {0806.2233},
	Journal = {Phys. Rev.},
	Pages = {114503},
	Primaryclass = {hep-lat},
	Reportnumber = {TIFR-TH-08-26},
	Slaccitation = {%%CITATION = ARXIV:0806.2233;%%},
	Title = {{QCD at finite chemical potential with six time slices}},
	Volume = {D78},
	Year = {2008},
	Bdsk-Url-1 = {http://dx.doi.org/10.1103/PhysRevD.78.114503}}

@article{Witten:1979kh,
	Author = {Witten, Edward},
	Doi = {10.1016/0550-3213(79)90232-3},
	Journal = {Nucl. Phys.},
	Pages = {57},
	Reportnumber = {HUTP-79-A007},
	Slaccitation = {%%CITATION = NUPHA,B160,57;%%},
	Title = {{Baryons in the 1/n Expansion}},
	Volume = {B160},
	Year = {1979},
	Bdsk-Url-1 = {http://dx.doi.org/10.1016/0550-3213(79)90232-3}}

@article{'tHooft:1973jz,
	Author = {'t Hooft, Gerard},
	Date-Modified = {2015-11-23 22:26:53 +0000},
	Doi = {10.1016/0550-3213(74)90154-0},
	Journal = {Nucl. Phys.},
	Pages = {461},
	Reportnumber = {CERN-TH-1786},
	Slaccitation = {%%CITATION = NUPHA,B72,461;%%},
	Title = {{A Planar Diagram Theory for Strong Interactions}},
	Volume = {B72},
	Year = {1974},
	Bdsk-Url-1 = {http://dx.doi.org/10.1016/0550-3213(74)90154-0}}

@article{Banks:1979yr,
      author         = "Banks, Tom and Casher, A.",
      title          = "{Chiral Symmetry Breaking in Confining Theories}",
      journal        = "Nucl. Phys.",
      volume         = "B169",
      year           = "1980",
      pages          = "103-125",
      doi            = "10.1016/0550-3213(80)90255-2",
      reportNumber   = "TAUP-785-79-REV, TAUP-785-79",
      SLACcitation   = "%%CITATION = NUPHA,B169,103;%%"
}

@article{Cohen:2006qd,
	Archiveprefix = {arXiv},
	Author = {Cohen, Thomas D.},
	Doi = {10.1016/j.physletb.2006.04.035},
	Eprint = {hep-th/0602037},
	Journal = {Phys. Lett.},
	Pages = {81-84},
	Primaryclass = {hep-th},
	Slaccitation = {%%CITATION = HEP-TH/0602037;%%},
	Title = {{QCD strings and the thermodynamics of the metastable phase of QCD at large N(c)}},
	Volume = {B637},
	Year = {2006},
	Bdsk-Url-1 = {http://dx.doi.org/10.1016/j.physletb.2006.04.035}}

@article{Lucini:2005vg,
	Archiveprefix = {arXiv},
	Author = {Lucini, Biagio and Teper, Michael and Wenger, Urs},
	Doi = {10.1088/1126-6708/2005/02/033},
	Eprint = {hep-lat/0502003},
	Journal = {JHEP},
	Pages = {033},
	Primaryclass = {hep-lat},
	Reportnumber = {DESY-05-021},
	Slaccitation = {%%CITATION = HEP-LAT/0502003;%%},
	Title = {{Properties of the deconfining phase transition in SU(N) gauge theories}},
	Volume = {02},
	Year = {2005},
	Bdsk-Url-1 = {http://dx.doi.org/10.1088/1126-6708/2005/02/033}}

@article{Schafer:1998ef,
	Archiveprefix = {arXiv},
	Author = {Sch{\"a}fer, Thomas and Wilczek, Frank},
	Doi = {10.1103/PhysRevLett.82.3956},
	Eprint = {hep-ph/9811473},
	Journal = {Phys. Rev. Lett.},
	Pages = {3956-3959},
	Primaryclass = {hep-ph},
	Reportnumber = {IASSNS-HEP-98-100},
	Slaccitation = {%%CITATION = HEP-PH/9811473;%%},
	Title = {{Continuity of quark and hadron matter}},
	Volume = {82},
	Year = {1999},
	Bdsk-Url-1 = {http://dx.doi.org/10.1103/PhysRevLett.82.3956}}

@article{Kapusta:1979fh,
	Author = {Kapusta, Joseph I.},
	Doi = {10.1016/0550-3213(79)90146-9},
	Journal = {Nucl. Phys.},
	Pages = {461-498},
	Slaccitation = {%%CITATION = NUPHA,B148,461;%%},
	Title = {{Quantum Chromodynamics at High Temperature}},
	Volume = {B148},
	Year = {1979},
	Bdsk-Url-1 = {http://dx.doi.org/10.1016/0550-3213(79)90146-9}}

@article{Bedaque:2014sqa,
	Archiveprefix = {arXiv},
	Author = {Bedaque, Paulo and Steiner, Andrew W.},
	Doi = {10.1103/PhysRevLett.114.031103},
	Eprint = {1408.5116},
	Journal = {Phys. Rev. Lett.},
	Number = {3},
	Pages = {031103},
	Primaryclass = {nucl-th},
	Reportnumber = {INT-PUB-14-021},
	Slaccitation = {%%CITATION = ARXIV:1408.5116;%%},
	Title = {{Sound velocity bound and neutron stars}},
	Volume = {114},
	Year = {2015},
	Bdsk-Url-1 = {http://dx.doi.org/10.1103/PhysRevLett.114.031103}}

@article{Muronga:2001zk,
	Archiveprefix = {arXiv},
	Author = {Muronga, Azwinndini},
	Doi = {10.1103/PhysRevLett.88.062302},
	Eprint = {nucl-th/0104064},
	Journal = {Phys. Rev. Lett.},
	Note = {[Erratum: Phys. Rev. Lett.89,159901(2002)]},
	Pages = {062302},
	Primaryclass = {nucl-th},
	Reportnumber = {NUC-MINN-01-8-T},
	Slaccitation = {%%CITATION = NUCL-TH/0104064;%%},
	Title = {{Second order dissipative fluid dynamics for ultrarelativistic nuclear collisions}},
	Volume = {88},
	Year = {2002},
	Bdsk-Url-1 = {http://dx.doi.org/10.1103/PhysRevLett.88.062302}}

@article{Rischke:1998fq,
	Archiveprefix = {arXiv},
	Author = {Rischke, Dirk H.},
	Booktitle = {{Hadrons in dense matter and hadrosynthesis. Proceedings, 11th Chris Engelbrecht Summer School, Cape Town, South Africa, February 4-13, 1998}},
	Doi = {10.1007/BFb0107310},
	Eprint = {nucl-th/9809044},
	Note = {[Lect. Notes Phys.516,21(1999)]},
	Primaryclass = {nucl-th},
	Slaccitation = {%%CITATION = NUCL-TH/9809044;%%},
	Title = {{Fluid dynamics for relativistic nuclear collisions}},
	Year = {1998},
	Bdsk-Url-1 = {http://dx.doi.org/10.1007/BFb0107310}}

@article{Israel:1979wp,
	Author = {Israel, W. and Stewart, J. M.},
	Doi = {10.1016/0003-4916(79)90130-1},
	Journal = {Annals Phys.},
	Pages = {341-372},
	Slaccitation = {%%CITATION = APNYA,118,341;%%},
	Title = {{Transient relativistic thermodynamics and kinetic theory}},
	Volume = {118},
	Year = {1979},
	Bdsk-Url-1 = {http://dx.doi.org/10.1016/0003-4916(79)90130-1}}

@article{Denicol:2012cn,
	Archiveprefix = {arXiv},
	Author = {Denicol, G. S. and Niemi, H. and Molnar, E. and Rischke, D. H.},
	Doi = {10.1103/PhysRevD.85.114047, 10.1103/PhysRevD.91.039902},
	Eprint = {1202.4551},
	Journal = {Phys. Rev.},
	Note = {[Erratum: Phys. Rev.D91,no.3,039902(2015)]},
	Pages = {114047},
	Primaryclass = {nucl-th},
	Slaccitation = {%%CITATION = ARXIV:1202.4551;%%},
	Title = {{Derivation of transient relativistic fluid dynamics from the Boltzmann equation}},
	Volume = {D85},
	Year = {2012},
	Bdsk-Url-1 = {http://dx.doi.org/10.1103/PhysRevD.85.114047,%2010.1103/PhysRevD.91.039902}}

@article{Kubo:1957,
	Author = {Ryogo Kubo},
	Doi = {10.1143/JPSJ.12.570},
	Journal = {Journal of the Physical Society of Japan},
	Number = {6},
	Pages = {570-586},
	Title = {Statistical-Mechanical Theory of Irreversible Processes: General Theory and Simple Applications to Magnetic and Conduction Problems},
	Volume = {12},
	Year = {1957},
	Bdsk-Url-1 = {http://dx.doi.org/10.1143/JPSJ.12.570}}

@article{Bhatnagar:1954zz,
	Author = {Bhatnagar, P. L. and Gross, E. P. and Krook, M.},
	Doi = {10.1103/PhysRev.94.511},
	Journal = {Phys. Rev.},
	Pages = {511-525},
	Slaccitation = {%%CITATION = PHRVA,94,511;%%},
	Title = {{A Model for Collision Processes in Gases. 1. Small Amplitude Processes in Charged and Neutral One-Component Systems}},
	Volume = {94},
	Year = {1954},
	Bdsk-Url-1 = {http://dx.doi.org/10.1103/PhysRev.94.511}}

@article{tHooft:1973jz,
	Author = {'t Hooft, Gerard},
	Date-Modified = {2015-11-23 22:26:53 +0000},
	Doi = {10.1016/0550-3213(74)90154-0},
	Journal = {Nucl. Phys.},
	Pages = {461},
	Reportnumber = {CERN-TH-1786},
	Slaccitation = {%%CITATION = NUPHA,B72,461;%%},
	Title = {{A Planar Diagram Theory for Strong Interactions}},
	Volume = {B72},
	Year = {1974},
	Bdsk-Url-1 = {http://dx.doi.org/10.1016/0550-3213(74)90154-0}}

@article{Hatsuda:2006ps,
	Archiveprefix = {arXiv},
	Author = {Tetsuo Hatsuda and Motoi Tachibana and Naoki Yamamoto and Gordon Baym},
	Doi = {10.1103/PhysRevLett.97.122001},
	Eprint = {hep-ph/0605018},
	Journal = {Phys. Rev. Lett.},
	Pages = {122001},
	Slaccitation = {%%CITATION = HEP-PH/0605018;%%},
	Title = {{New critical point induced by the axial anomaly in dense QCD}},
	Volume = {97},
	Year = 2006,
	Bdsk-Url-1 = {http://dx.doi.org/10.1103/PhysRevLett.97.122001}}


@article{Aoki:2006we,
	Archiveprefix = {arXiv},
	Author = {Y. Aoki and G. Endrodi and Z. Fodor and S. D. Katz and K. K. Szabo},
	Doi = {10.1038/nature05120},
	Eprint = {hep-lat/0611014},
	Journal = {Nature},
	Pages = {675--678},
	Slaccitation = {%%CITATION = HEP-LAT/0611014;%%},
	Title = {{The order of the quantum chromodynamics transition predicted by the standard model of particle physics}},
	Volume = {443},
	Year = 2006,
	Bdsk-Url-1 = {http://dx.doi.org/10.1038/nature05120}}

@article{Borsanyi:2010cj,
	Archiveprefix = {arXiv},
	Author = {Borsanyi, Szabolcs and Endrodi, Gergely and Fodor, Zoltan and Jakovac, Antal and Katz, Sandor D. and others},
	Doi = {10.1007/JHEP11(2010)077},
	Eprint = {1007.2580},
	Journal = {JHEP},
	Pages = {077},
	Primaryclass = {hep-lat},
	Reportnumber = {WUB-10-12},
	Slaccitation = {%%CITATION = ARXIV:1007.2580;%%},
	Title = {{The QCD equation of state with dynamical quarks}},
	Volume = {1011},
	Year = 2010,
	Bdsk-Url-1 = {http://dx.doi.org/10.1007/JHEP11(2010)077}}

@article{Stephanov:1998dy,
	Archive = {http://arXiv.org/abs},
	Author = {Misha A. Stephanov and K. Rajagopal and Edward V. Shuryak},
	Eprint = {hep-ph/9806219},
	Journal = {Phys. Rev. Lett.},
	Pages = {4816--4819},
	Slaccitation = {%%CITATION = HEP-PH 9806219;%%},
	Title = {Signatures of the tricritical point in {QCD}},
	Volume = {81},
	Year = 1998}

@article{Allton:2002zi,
	Archiveprefix = {arXiv},
	Author = {Allton, C.R. and Ejiri, S. and Hands, S.J. and Kaczmarek, O. and Karsch, F. and others},
	Doi = {10.1103/PhysRevD.66.074507},
	Eprint = {hep-lat/0204010},
	Journal = {Phys.Rev.},
	Pages = {074507},
	Primaryclass = {hep-lat},
	Reportnumber = {SWAT-02-335, NSF-ITP-02-26, BI-TP-2002-06},
	Slaccitation = {%%CITATION = HEP-LAT/0204010;%%},
	Title = {{The QCD thermal phase transition in the presence of a small chemical potential}},
	Volume = {D66},
	Year = 2002,
	Bdsk-Url-1 = {http://dx.doi.org/10.1103/PhysRevD.66.074507}}

@article{STAR_kpi,
	Author = {S. Das},
	Collaboration = {STAR},
	Journal = {J. Phys. G},
	Pages = {S541},
	Title = {{Event-by-event fluctuation in $K/\pi$ ratio at RHIC}},
	Volume = {G32},
	Year = 2006}

@article{Karsch:2008fe,
	Archiveprefix = {arXiv},
	Author = {Frithjof Karsch},
	Collaboration = {RBC},
	Eprint = {0804.4148},
	Primaryclass = {hep-lat},
	Slaccitation = {%%CITATION = 0804.4148;%%},
	Title = {{Equation of state and more from lattice regularized QCD}},
	Year = 2008}

@article{Elliott:2013pna,
	Author = {Elliott, J. B. and Lake, P. T. and Moretto, L. G. and Phair, L.},
	Date-Added = {2015-08-20 19:24:20 +0000},
	Date-Modified = {2015-08-20 19:24:20 +0000},
	Doi = {10.1103/PhysRevC.87.054622},
	Journal = {Phys. Rev.},
	Number = {5},
	Pages = {054622},
	Slaccitation = {%%CITATION = PHRVA,C87,054622;%%},
	Title = {{Determination of the coexistence curve, critical temperature, density, and pressure of bulk nuclear matter from fragment emission data}},
	Volume = {C87},
	Year = {2013},
	Bdsk-Url-1 = {http://dx.doi.org/10.1103/PhysRevC.87.054622}}

@article{Kovtun:2004de,
	Archiveprefix = {arXiv},
	Author = {P. Kovtun and D. T. Son and A. O. Starinets},
	Doi = {10.1103/PhysRevLett.94.111601},
	Eprint = {hep-th/0405231},
	Journal = {Phys. Rev. Lett.},
	Pages = {111601},
	Slaccitation = {%%CITATION = HEP-TH/0405231;%%},
	Title = {{Viscosity in strongly interacting quantum field theories from black hole physics}},
	Volume = {94},
	Year = 2005,
	Bdsk-Url-1 = {http://dx.doi.org/10.1103/PhysRevLett.94.111601}}

@article{Metropolis:1953am,
      author         = "Metropolis, N. and Rosenbluth, A. W. and Rosenbluth, M.
                        N. and Teller, A. H. and Teller, E.",
      title          = "{Equation of state calculations by fast computing
                        machines}",
      journal        = "J. Chem. Phys.",
      volume         = "21",
      year           = "1953",
      pages          = "1087-1092",
      doi            = "10.1063/1.1699114",
      SLACcitation   = "%%CITATION = JCPSA,21,1087;%%"
}

@unpublished{Schafer:2004xa,
      author         = "Sch{\"a}fer, Thomas",
      title          = "{Instantons and Monte Carlo methods in quantum
                        mechanics}",
      year           = "2004",
      note           = "ArXive:hep-lat/0411010",
      archivePrefix  = "arXiv",
      primaryClass   = "hep-lat",
      SLACcitation   = "%%CITATION = HEP-LAT/0411010;%%"
}

@unpublished{Clay-YM,
      author         = "Jaffe, A and Witten, E",
      title          = "{Quantum Yang Mills Theory, 
                         Official Description of Millenium Prize Problems}",
      year           = "2000",
      note           = "{www.claymath.org}"
}

@unpublished{Clay-NS,
      author         = "Fefferman, C",
      title          = "{Existence  and smoothness of the Navier-Stokes  
                         Equation, 
                         Official Description of Millenium Prize Problems}",
      year           = "2000",
      note           = "{www.claymath.org}"
}

@unpublished{Perelman,
      author         = "Perelman, G",
      title          = "{The entropy formula for the Ricci flow and its 
                         geometric applications}",
      year           = "2002",
      note           = "arXiv:math/0211159 [math.DG]"
}

@ARTICLE{Jarzynski:1997,
   author = {{Jarzynski}, C.},
    title = "{Nonequilibrium Equality for Free Energy Differences}",
  journal = {Physical Review Letters},
   eprint = {cond-mat/9610209},
     year = 1997,
    month = apr,
   volume = 78,
    pages = {2690-2693},
      doi = {10.1103/PhysRevLett.78.2690},
   adsurl = {http://adsabs.harvard.edu/abs/1997PhRvL..78.2690J},
  adsnote = {Provided by the SAO/NASA Astrophysics Data System}
}

@unpublished{Mezzadri:2006,
   author = {{Mezzadri}, F.},
    title = "{How to generate random matrices from the classical compact groups}",
   note   = {arXiv:math-ph/0609050},
 keywords = {Mathematical Physics, Mathematics - Numerical Analysis, 1502,15A52, 65F25},
     year = 2006,
    month = sep,
   adsurl = {http://adsabs.harvard.edu/abs/2006math.ph...9050M},
  adsnote = {Provided by the SAO/NASA Astrophysics Data System}
}

@inproceedings{Lepage:1998dt,
      author         = "Lepage, G. P.",
      title          = "{Lattice QCD for novices}",
      booktitle      = "{Strong interactions at low and intermediate energies.
                        Proceedings, 13th Annual Hampton University Graduate
                        Studies, HUGS'98, Newport News, USA, May 26-June 12,
                        1998}",
      year           = "1998",
      pages          = "49-90",
      eprint         = "hep-lat/0506036",
      archivePrefix  = "arXiv",
      primaryClass   = "hep-lat",
      SLACcitation   = "%%CITATION = HEP-LAT/0506036;%%"
}

@inproceedings{Luscher:2010ae,
      author         = "Luscher, Martin",
      title          = "{Computational Strategies in Lattice QCD}",
      booktitle      = "{Modern perspectives in lattice QCD: Quantum field theory
                        and high performance computing. Proceedings, International
                        School, 93rd Session, Les Houches, France, August 3-28,
                        2009}",
      year           = "2010",
      pages          = "331-399",
      eprint         = "1002.4232",
      archivePrefix  = "arXiv",
      primaryClass   = "hep-lat",
      reportNumber   = "CERN-PH-TH-2010-047",
      SLACcitation   = "%%CITATION = ARXIV:1002.4232;%%"
}

@article{Luscher:2010iy,
      author         = "L{\"u}scher, Martin",
      title          = "{Properties and uses of the Wilson flow in lattice QCD}",
      journal        = "JHEP",
      volume         = "08",
      year           = "2010",
      pages          = "071",
      doi            = "10.1007/JHEP08(2010)071, 10.1007/JHEP03(2014)092",
      note           = "[Erratum: JHEP03,092(2014)]",
      eprint         = "1006.4518",
      archivePrefix  = "arXiv",
      primaryClass   = "hep-lat",
      reportNumber   = "CERN-PH-TH-2010-143",
      SLACcitation   = "%%CITATION = ARXIV:1006.4518;%%"
}

@article{Teper:1985ek,
      author         = "Teper, M.",
      title          = "{The Topological Susceptibility in SU(2) Lattice Gauge
                        Theory: An Exploratory Study}",
      journal        = "Phys. Lett.",
      volume         = "B171",
      year           = "1986",
      pages          = "86-94",
      doi            = "10.1016/0370-2693(86)91004-X",
      reportNumber   = "RAL-85-089",
      SLACcitation   = "%%CITATION = PHLTA,B171,86;%%"
}

@article{Jarrell:1996rrw,
      author         = "Jarrell, Mark and Gubernatis, J. E.",
      title          = "{Bayesian inference and the analytic continuation of
                        imaginary-time quantum Monte Carlo data}",
      journal        = "Phys. Rept.",
      volume         = "269",
      year           = "1996",
      pages          = "133-195",
      doi            = "10.1016/0370-1573(95)00074-7",
      SLACcitation   = "%%CITATION = PRPLC,269,133;%%"
}

@article{Asakawa:2000tr,
      author         = "Asakawa, M. and Hatsuda, T. and Nakahara, Y.",
      title          = "{Maximum entropy analysis of the spectral functions in
                        lattice QCD}",
      journal        = "Prog. Part. Nucl. Phys.",
      volume         = "46",
      year           = "2001",
      pages          = "459-508",
      doi            = "10.1016/S0146-6410(01)00150-8",
      eprint         = "hep-lat/0011040",
      archivePrefix  = "arXiv",
      primaryClass   = "hep-lat",
      reportNumber   = "DPNU-00-39",
      SLACcitation   = "%%CITATION = HEP-LAT/0011040;%%"
}

@article{Bazavov:2011nk,
      author         = "Bazavov, A. and others",
      title          = "{The chiral and deconfinement aspects of the QCD
                        transition}",
      journal        = "Phys. Rev.",
      volume         = "D85",
      year           = "2012",
      pages          = "054503",
      doi            = "10.1103/PhysRevD.85.054503",
      eprint         = "1111.1710",
      archivePrefix  = "arXiv",
      primaryClass   = "hep-lat",
      SLACcitation   = "%%CITATION = ARXIV:1111.1710;%%"
}

@article{Hasenfratz:1980kn,
      author         = "Hasenfratz, Anna and Hasenfratz, Peter",
      title          = "{The Connection Between the Lambda Parameters of Lattice
                        and Continuum QCD}",
      booktitle      = "{Proceedings, 12th International G.I.F.T Seminar,
                        Non-Perturbative Aspects of Quantum Field Theory}",
      journal        = "Phys. Lett.",
      volume         = "B93",
      year           = "1980",
      pages          = "165",
      doi            = "10.1016/0370-2693(80)90118-5",
      note           = "[,241(1980)]",
      reportNumber   = "CERN-TH-2827",
      SLACcitation   = "%%CITATION = PHLTA,B93,165;%%"
}


@article{Dick:2015twa,
      author         = "Dick, Viktor and Karsch, Frithjof and Laermann, 
                        Edwin and Mukherjee, Swagato and Sharma, Sayantan",
      title          = "{Microscopic origin of $U_A(1)$ symmetry violation 
                        in the high temperature phase of QCD}",
      journal        = "Phys. Rev.",
      volume         = "D91",
      year           = "2015",
      number         = "9",
      pages          = "094504",
      doi            = "10.1103/PhysRevD.91.094504",
      eprint         = "1502.06190",
      archivePrefix  = "arXiv",
      primaryClass   = "hep-lat",
      SLACcitation   = "%%CITATION = ARXIV:1502.06190;%%"
}

@article{Schafer:1996wv,
      author         = "Sch{\"a}fer, Thomas and Shuryak, Edward V.",
      title          = "{Instantons in QCD}",
      journal        = "Rev. Mod. Phys.",
      volume         = "70",
      year           = "1998",
      pages          = "323-426",
      doi            = "10.1103/RevModPhys.70.323",
      eprint         = "hep-ph/9610451",
      archivePrefix  = "arXiv",
      primaryClass   = "hep-ph",
      reportNumber   = "DOE-ER-40561-293, INT-96-00-150",
      SLACcitation   = "%%CITATION = HEP-PH/9610451;%%"
}

@article{Belavin:1975fg,
      author         = "Belavin, A. A. and Polyakov, Alexander M. and Schwartz,
                        A. S. and Tyupkin, {\relax Yu}. S.",
      title          = "{Pseudoparticle Solutions of the Yang-Mills Equations}",
      journal        = "Phys. Lett.",
      volume         = "B59",
      year           = "1975",
      pages          = "85-87",
      doi            = "10.1016/0370-2693(75)90163-X",
      SLACcitation   = "%%CITATION = PHLTA,B59,85;%%"
}

@article{DelDebbio:2004ns,
      author         = "Del Debbio, Luigi and Giusti, Leonardo and Pica, Claudio",
      title          = "{Topological susceptibility in the SU(3) gauge theory}",
      journal        = "Phys. Rev. Lett.",
      volume         = "94",
      year           = "2005",
      pages          = "032003",
      doi            = "10.1103/PhysRevLett.94.032003",
      eprint         = "hep-th/0407052",
      archivePrefix  = "arXiv",
      primaryClass   = "hep-th",
      reportNumber   = "CERN-PH-TH-2004-117, CPT-2004-P-041",
      SLACcitation   = "%%CITATION = HEP-TH/0407052;%%"
}

@article{Ce:2014sfa,
      author         = "Ce, Marco and Consonni, Cristian and Engel, Georg P. and
                        Giusti, Leonardo",
      title          = "{Testing the Witten-Veneziano mechanism with the
                        Yang-Mills gradient flow on the lattice}",
      booktitle      = "{Proceedings, 32nd International Symposium on Lattice
                        Field Theory (Lattice 2014)}",
      journal        = "PoS",
      volume         = "LATTICE2014",
      year           = "2014",
      pages          = "353",
      eprint         = "1410.8358",
      archivePrefix  = "arXiv",
      primaryClass   = "hep-lat",
      SLACcitation   = "%%CITATION = ARXIV:1410.8358;%%"
}

@article{Poppitz:2012nz,
      author         = "Poppitz, Erich and Sch{\"a}fer, Thomas and 
                        {\"U}nsal, Mithat",
      title          = "{Universal mechanism of (semi-classical) deconfinement
                        and theta-dependence for all simple groups}",
      journal        = "JHEP",
      volume         = "03",
      year           = "2013",
      pages          = "087",
      doi            = "10.1007/JHEP03(2013)087",
      eprint         = "1212.1238",
      archivePrefix  = "arXiv",
      primaryClass   = "hep-th",
      SLACcitation   = "%%CITATION = ARXIV:1212.1238;%%"
}

@article{Ginsparg:1981bj,
      author         = "Ginsparg, Paul H. and Wilson, Kenneth G.",
      title          = "{A Remnant of Chiral Symmetry on the Lattice}",
      journal        = "Phys. Rev.",
      volume         = "D25",
      year           = "1982",
      pages          = "2649",
      doi            = "10.1103/PhysRevD.25.2649",
      reportNumber   = "CLNS-81-520, HUTP-81-A060",
      SLACcitation   = "%%CITATION = PHRVA,D25,2649;%%"
}

@article{Jeon:2015dfa,
      author         = "Jeon, Sangyong and Heinz, Ulrich",
      title          = "{Introduction to Hydrodynamics}",
      journal        = "Int. J. Mod. Phys.",
      volume         = "E24",
      year           = "2015",
      number         = "10",
      pages          = "1530010",
      doi            = "10.1142/S0218301315300106",
      eprint         = "1503.03931",
      archivePrefix  = "arXiv",
      primaryClass   = "hep-ph",
      SLACcitation   = "%%CITATION = ARXIV:1503.03931;%%"
}

@article{Romatschke:2009im,
      author         = "Romatschke, Paul",
      title          = "{New Developments in Relativistic Viscous Hydrodynamics}",
      journal        = "Int. J. Mod. Phys.",
      volume         = "E19",
      year           = "2010",
      pages          = "1-53",
      doi            = "10.1142/S0218301310014613",
      eprint         = "0902.3663",
      archivePrefix  = "arXiv",
      primaryClass   = "hep-ph",
      reportNumber   = "INT-PUB-09-010",
      SLACcitation   = "%%CITATION = ARXIV:0902.3663;%%"
}


@article{Colella:1984,
      author         = "Colella, P and Woodward, P.~R.",
      title          = "{The Piecewise Parabolic Method (PPM) for 
                        Gas-Dynamical Simulations}",
      journal        = "J.\ Comp.\ Phys.",
      volume         = "54",
      year           = "1984",
      pages          = "174"
}

@article{Blondin:1993,
      author         = "Blondin, J.~M. and Lufkin, E.~A.",
      title          = "{The piecewise-parabolic method in curvilinear 
                        coordinates}",
      journal        = "Astrophys.\ J.\ Supp.\ Ser.",
      volume         = "88",
      year           = "1993",
      pages          = "589"
}

@article{Schafer:2010dv,
      author         = "Sch{\"a}fer, Thomas",
      title          = "{Dissipative fluid dynamics for the dilute Fermi gas at
                        unitarity: Free expansion and rotation}",
      journal        = "Phys. Rev.",
      volume         = "A82",
      year           = "2010",
      pages          = "063629",
      doi            = "10.1103/PhysRevA.82.063629",
      eprint         = "1008.3876",
      archivePrefix  = "arXiv",
      primaryClass   = "cond-mat.quant-gas",
      SLACcitation   = "%%CITATION = ARXIV:1008.3876;%%"
}

@article{Florkowski:2010cf,
      author         = "Florkowski, Wojciech and Ryblewski, Radoslaw",
      title          = "{Highly-anisotropic and strongly-dissipative
                        hydrodynamics for early stages of relativistic heavy-ion
                        collisions}",
      journal        = "Phys. Rev.",
      volume         = "C83",
      year           = "2011",
      pages          = "034907",
      doi            = "10.1103/PhysRevC.83.034907",
      eprint         = "1007.0130",
      archivePrefix  = "arXiv",
      primaryClass   = "nucl-th",
      SLACcitation   = "%%CITATION = ARXIV:1007.0130;%%"
}

@article{Romatschke:2011hm,
      author         = "Romatschke, P. and Mendoza, M. and Succi, S.",
      title          = "{A fully relativistic lattice Boltzmann algorithm}",
      journal        = "Phys. Rev.",
      volume         = "C84",
      year           = "2011",
      pages          = "034903",
      doi            = "10.1103/PhysRevC.84.034903",
      eprint         = "1106.1093",
      archivePrefix  = "arXiv",
      primaryClass   = "nucl-th",
      SLACcitation   = "%%CITATION = ARXIV:1106.1093;%%"
}

@article{Brewer:2015hua,
      author         = "Brewer, Jasmine and Mendoza, Miller and Young, Ryan E.
                        and Romatschke, Paul",
      title          = "{Lattice Boltzmann simulations of a strongly interacting
                        two-dimensional Fermi gas}",
      journal        = "Phys. Rev.",
      volume         = "A93",
      year           = "2016",
      number         = "1",
      pages          = "013618",
      doi            = "10.1103/PhysRevA.93.013618",
      eprint         = "1507.05975",
      archivePrefix  = "arXiv",
      primaryClass   = "cond-mat.quant-gas",
      SLACcitation   = "%%CITATION = ARXIV:1507.05975;%%"
}

@article{Bluhm:2015raa,
      author         = "Bluhm, Marcus and Sch{\"a}fer, Thomas",
      title          = "{Dissipative fluid dynamics for the dilute Fermi gas at
                        unitarity: Anisotropic fluid dynamics}",
      journal        = "Phys. Rev.",
      volume         = "A92",
      year           = "2015",
      number         = "4",
      pages          = "043602",
      doi            = "10.1103/PhysRevA.92.043602",
      eprint         = "1505.00846",
      archivePrefix  = "arXiv",
      primaryClass   = "cond-mat.quant-gas",
      SLACcitation   = "%%CITATION = ARXIV:1505.00846;%%"
}

@article{Bluhm:2015bzi,
      author         = "Bluhm, Marcus and Sch{\"a}fer, Thomas",
      title          = "{Model-independent determination of the shear viscosity
                        of a trapped unitary Fermi gas: Application to high
                        temperature data}",
      journal        = "Phys. Rev. Lett.",
      volume         = "116",
      year           = "2016",
      number         = "11",
      pages          = "115301",
      doi            = "10.1103/PhysRevLett.116.115301",
      eprint         = "1512.00862",
      archivePrefix  = "arXiv",
      primaryClass   = "cond-mat.quant-gas",
      SLACcitation   = "%%CITATION = ARXIV:1512.00862;%%"
}

@article{Bertsch:1988ik,
      author         = "Bertsch, G. F. and Das Gupta, S.",
      title          = "{A Guide to microscopic models for intermediate-energy
                        heavy ion collisions}",
      journal        = "Phys. Rept.",
      volume         = "160",
      year           = "1988",
      pages          = "189-233",
      doi            = "10.1016/0370-1573(88)90170-6",
      SLACcitation   = "%%CITATION = PRPLC,160,189;%%"
}

@article{Lepers:2010be,
      author         = "Lepers, Thomas and Davesne, Dany and Chiacchiera, Silvia
                        and Urban, Michael",
      title          = "{Numerical solution of the Boltzmann equation for the
                        collective modes of trapped Fermi gases}",
      journal        = "Phys. Rev.",
      volume         = "A82",
      year           = "2010",
      pages          = "023609",
      doi            = "10.1103/PhysRevA.82.023609",
      eprint         = "1004.5241",
      archivePrefix  = "arXiv",
      primaryClass   = "cond-mat.quant-gas",
      SLACcitation   = "%%CITATION = ARXIV:1004.5241;%%"
}

@article{Bass:1998ca,
      author         = "Bass, S. A. and others",
      title          = "{Microscopic models for ultrarelativistic heavy ion
                        collisions}",
      journal        = "Prog. Part. Nucl. Phys.",
      volume         = "41",
      year           = "1998",
      pages          = "255-369",
      doi            = "10.1016/S0146-6410(98)00058-1",
      note           = "[Prog. Part. Nucl. Phys.41,225(1998)]",
      eprint         = "nucl-th/9803035",
      archivePrefix  = "arXiv",
      primaryClass   = "nucl-th",
      SLACcitation   = "%%CITATION = NUCL-TH/9803035;%%"
}

@article{Buss:2011mx,
      author         = "Buss, O. and Gaitanos, T. and Gallmeister, K. and van
                        Hees, H. and Kaskulov, M. and Lalakulich, O. 
                        and Larionov,
                        A. B. and Leitner, T. and Weil, J. and Mosel, U.",
      title          = "{Transport-theoretical Description of Nuclear 
                        Reactions}",
      journal        = "Phys. Rept.",
      volume         = "512",
      year           = "2012",
      pages          = "1-124",
      doi            = "10.1016/j.physrep.2011.12.001",
      eprint         = "1106.1344",
      archivePrefix  = "arXiv",
      primaryClass   = "hep-ph",
      SLACcitation   = "%%CITATION = ARXIV:1106.1344;%%"
}

@article{Ehehalt:1996uq,
      author         = "Ehehalt, W. and Cassing, W.",
      title          = "{Relativistic transport approach for nucleus nucleus
                        collisions from SIS to SPS energies}",
      journal        = "Nucl. Phys.",
      volume         = "A602",
      year           = "1996",
      pages          = "449-486",
      doi            = "10.1016/0375-9474(96)00097-8",
      SLACcitation   = "%%CITATION = NUPHA,A602,449;%%"
}

@article{Mrowczynski:2016etf,
      author         = "Mrowczynski, Stanislaw and Schenke, Bjoern and
                        Strickland, Michael",
      title          = "{Color Instabilities in the Quark-Gluon Plasma}",
      year           = "2016",
      eprint         = "1603.08946",
      archivePrefix  = "arXiv",
      primaryClass   = "hep-ph",
      SLACcitation   = "%%CITATION = ARXIV:1603.08946;%%"
}
@article{Geiger:1991nj,
      author         = "Geiger, Klaus and Muller, Berndt",
      title          = "{Dynamics of parton cascades in highly relativistic
                        nuclear collisions}",
      journal        = "Nucl. Phys.",
      volume         = "B369",
      year           = "1992",
      pages          = "600-654",
      doi            = "10.1016/0550-3213(92)90280-O",
      SLACcitation   = "%%CITATION = NUPHA,B369,600;%%"
}

@article{Xu:2004mz,
      author         = "Xu, Zhe and Greiner, Carsten",
      title          = "{Thermalization of gluons in ultrarelativistic heavy ion
                        collisions by including three-body interactions in a
                        parton cascade}",
      journal        = "Phys. Rev.",
      volume         = "C71",
      year           = "2005",
      pages          = "064901",
      doi            = "10.1103/PhysRevC.71.064901",
      eprint         = "hep-ph/0406278",
      archivePrefix  = "arXiv",
      primaryClass   = "hep-ph",
      SLACcitation   = "%%CITATION = HEP-PH/0406278;%%"
}

@article{Dusling:2010rm,
      author         = "Dusling, Kevin and Epelbaum, Thomas and Gelis, Francois
                        and Venugopalan, Raju",
      title          = "{Role of quantum fluctuations in a system with strong
                        fields: Onset of hydrodynamical flow}",
      journal        = "Nucl. Phys.",
      volume         = "A850",
      year           = "2011",
      pages          = "69-109",
      doi            = "10.1016/j.nuclphysa.2010.11.009",
      eprint         = "1009.4363",
      archivePrefix  = "arXiv",
      primaryClass   = "hep-ph",
      SLACcitation   = "%%CITATION = ARXIV:1009.4363;%%"
}


@article{Wong:1970fu,
      author         = "Wong, S. K.",
      title          = "{Field and particle equations for the classical
                        Yang-Mills field and particles with isotopic spin}",
      journal        = "Nuovo Cim.",
      volume         = "A65",
      year           = "1970",
      pages          = "689-694",
      doi            = "10.1007/BF02892134",
      SLACcitation   = "%%CITATION = NUCIA,A65,689;%%"
}

@article{Litim:2001db,
      author         = "Litim, Daniel F. and Manuel, Cristina",
      title          = "{Semiclassical transport theory for nonAbelian plasmas}",
      journal        = "Phys. Rept.",
      volume         = "364",
      year           = "2002",
      pages          = "451-539",
      doi            = "10.1016/S0370-1573(02)00015-7",
      eprint         = "hep-ph/0110104",
      archivePrefix  = "arXiv",
      primaryClass   = "hep-ph",
      reportNumber   = "CERN-TH-2001-252",
      SLACcitation   = "%%CITATION = HEP-PH/0110104;%%"
}

@article{Hu:1996sf,
      author         = "Hu, C. R. and Muller, Berndt",
      title          = "{Classical lattice gauge field with hard thermal loops}",
      journal        = "Phys. Lett.",
      volume         = "B409",
      year           = "1997",
      pages          = "377-381",
      doi            = "10.1016/S0370-2693(97)00851-4",
      eprint         = "hep-ph/9611292",
      archivePrefix  = "arXiv",
      primaryClass   = "hep-ph",
      reportNumber   = "DUKE-TH-96-133",
      SLACcitation   = "%%CITATION = HEP-PH/9611292;%%"
}

@article{DeWolfe:2013cua,
      author         = "DeWolfe, Oliver and Gubser, Steven S. and Rosen,
                        Christopher and Teaney, Derek",
      title          = "{Heavy ions and string theory}",
      journal        = "Prog. Part. Nucl. Phys.",
      volume         = "75",
      year           = "2014",
      pages          = "86-132",
      doi            = "10.1016/j.ppnp.2013.11.001",
      eprint         = "1304.7794",
      archivePrefix  = "arXiv",
      primaryClass   = "hep-th",
      reportNumber   = "COLO-HEP-579, PUPT-2446, CCTP-2013-06",
      SLACcitation   = "%%CITATION = ARXIV:1304.7794;%%"
}

@article{CasalderreySolana:2011us,
      author         = "Casalderrey-Solana, Jorge and Liu, Hong and Mateos, David
                        and Rajagopal, Krishna and Wiedemann, Urs Achim",
      title          = "{Gauge/String Duality, Hot QCD and Heavy Ion Collisions}",
      year           = "2011",
      eprint         = "1101.0618",
      archivePrefix  = "arXiv",
      primaryClass   = "hep-th",
      reportNumber   = "CERN-PH-TH-2010-316, MIT-CTP-4198, ICCUB-10-202",
      SLACcitation   = "%%CITATION = ARXIV:1101.0618;%%"
}

@article{Gubser:2009md,
      author         = "Gubser, Steven S. and Karch, Andreas",
      title          = "{From gauge-string duality to strong interactions: A
                        Pedestrian's Guide}",
      journal        = "Ann. Rev. Nucl. Part. Sci.",
      volume         = "59",
      year           = "2009",
      pages          = "145-168",
      doi            = "10.1146/annurev.nucl.010909.083602",
      eprint         = "0901.0935",
      archivePrefix  = "arXiv",
      primaryClass   = "hep-th",
      SLACcitation   = "%%CITATION = ARXIV:0901.0935;%%"
}

@article{Son:2007vk,
      author         = "Son, Dam T. and Starinets, Andrei O.",
      title          = "{Viscosity, Black Holes, and Quantum Field Theory}",
      journal        = "Ann. Rev. Nucl. Part. Sci.",
      volume         = "57",
      year           = "2007",
      pages          = "95-118",
      doi            = "10.1146/annurev.nucl.57.090506.123120",
      eprint         = "0704.0240",
      archivePrefix  = "arXiv",
      primaryClass   = "hep-th",
      reportNumber   = "INT-PUB-07-02",
      SLACcitation   = "%%CITATION = ARXIV:0704.0240;%%"
}

@article{Maldacena:1997re,
      author         = "Maldacena, Juan Martin",
      title          = "{The Large N limit of superconformal field theories and
                        supergravity}",
      journal        = "Int. J. Theor. Phys.",
      volume         = "38",
      year           = "1999",
      pages          = "1113-1133",
      doi            = "10.1023/A:1026654312961",
      note           = "[Adv. Theor. Math. Phys.2,231(1998)]",
      eprint         = "hep-th/9711200",
      archivePrefix  = "arXiv",
      primaryClass   = "hep-th",
      reportNumber   = "HUTP-97-A097, HUTP-98-A097",
      SLACcitation   = "%%CITATION = HEP-TH/9711200;%%"
}

@article{Teaney:2006nc,
      author         = "Teaney, Derek",
      title          = "{Finite temperature spectral densities of momentum and
                        R-charge correlators in N=4 Yang Mills theory}",
      journal        = "Phys. Rev.",
      volume         = "D74",
      year           = "2006",
      pages          = "045025",
      doi            = "10.1103/PhysRevD.74.045025",
      eprint         = "hep-ph/0602044",
      archivePrefix  = "arXiv",
      primaryClass   = "hep-ph",
      SLACcitation   = "%%CITATION = HEP-PH/0602044;%%"
}

@article{Son:2006em,
      author         = "Son, Dam T. and Starinets, Andrei O.",
      title          = "{Hydrodynamics of r-charged black holes}",
      journal        = "JHEP",
      volume         = "03",
      year           = "2006",
      pages          = "052",
      doi            = "10.1088/1126-6708/2006/03/052",
      eprint         = "hep-th/0601157",
      archivePrefix  = "arXiv",
      primaryClass   = "hep-th",
      reportNumber   = "INT-PUB-06-02",
      SLACcitation   = "%%CITATION = HEP-TH/0601157;%%"
}

@article{Mueller:2002gd,
      author         = "Mueller, A. H. and Son, D. T.",
      title          = "{On the Equivalence between the Boltzmann equation and
                        classical field theory at large occupation numbers}",
      journal        = "Phys. Lett.",
      volume         = "B582",
      year           = "2004",
      pages          = "279-287",
      doi            = "10.1016/j.physletb.2003.12.047",
      eprint         = "hep-ph/0212198",
      archivePrefix  = "arXiv",
      primaryClass   = "hep-ph",
      reportNumber   = "CU-TP-1081, INT-PUB-02-56",
      SLACcitation   = "%%CITATION = HEP-PH/0212198;%%"
}

@article{Policastro:2002se,
      author         = "Policastro, Giuseppe and Son, Dam T. and Starinets,
                        Andrei O.",
      title          = "{From AdS / CFT correspondence to hydrodynamics}",
      journal        = "JHEP",
      volume         = "09",
      year           = "2002",
      pages          = "043",
      doi            = "10.1088/1126-6708/2002/09/043",
      eprint         = "hep-th/0205052",
      archivePrefix  = "arXiv",
      primaryClass   = "hep-th",
      reportNumber   = "INT-PUB-02-32",
      SLACcitation   = "%%CITATION = HEP-TH/0205052;%%"
}

@article{Berges:2008wm,
      author         = "Berges, Juergen and Rothkopf, Alexander. and Schmidt,
                        Jonas",
      title          = "{Non-thermal fixed points: Effective weak-coupling for
                        strongly correlated systems far from equilibrium}",
      journal        = "Phys. Rev. Lett.",
      volume         = "101",
      year           = "2008",
      pages          = "041603",
      doi            = "10.1103/PhysRevLett.101.041603",
      eprint         = "0803.0131",
      archivePrefix  = "arXiv",
      primaryClass   = "hep-ph",
      reportNumber   = "TKYNT-08-02, DESY-08-020",
      SLACcitation   = "%%CITATION = ARXIV:0803.0131;%%"
}

@article{Chesler:2013lia,
      author         = "Chesler, Paul M. and Yaffe, Laurence G.",
      title          = "{Numerical solution of gravitational dynamics in
                        asymptotically anti-de Sitter spacetimes}",
      journal        = "JHEP",
      volume         = "07",
      year           = "2014",
      pages          = "086",
      doi            = "10.1007/JHEP07(2014)086",
      eprint         = "1309.1439",
      archivePrefix  = "arXiv",
      primaryClass   = "hep-th",
      SLACcitation   = "%%CITATION = ARXIV:1309.1439;%%"
}

@article{Chesler:2010bi,
      author         = "Chesler, Paul M. and Yaffe, Laurence G.",
      title          = "{Holography and colliding gravitational shock waves in
                        asymptotically AdS_5 spacetime}",
      journal        = "Phys. Rev. Lett.",
      volume         = "106",
      year           = "2011",
      pages          = "021601",
      doi            = "10.1103/PhysRevLett.106.021601",
      eprint         = "1011.3562",
      archivePrefix  = "arXiv",
      primaryClass   = "hep-th",
      SLACcitation   = "%%CITATION = ARXIV:1011.3562;%%"
}

@article{Rangamani:2009xk,
      author         = "Rangamani, Mukund",
      title          = "{Gravity and Hydrodynamics: Lectures on the fluid-gravity
                        correspondence}",
      booktitle      = "{Strings, Supergravity and Gauge Theories. Proceedings,
                        CERN Winter School, CERN, Geneva, Switzerland, February
                        9-13 2009}",
      journal        = "Class. Quant. Grav.",
      volume         = "26",
      year           = "2009",
      pages          = "224003",
      doi            = "10.1088/0264-9381/26/22/224003",
      eprint         = "0905.4352",
      archivePrefix  = "arXiv",
      primaryClass   = "hep-th",
      reportNumber   = "NSF-KITP-09-65",
      SLACcitation   = "%%CITATION = ARXIV:0905.4352;%%"
}

@article{Villani:2009,
      author         = "Mouhot, C and Villani, C",
      title          = "{On Landau damping}",
      journal        = "Acta Mathematica",
      volume         = "207",
      year           = "2011",
      pages          = "29",
      doi            = "10.1007/s11511-011-0068-9",
      eprint         = "0904.2760",
      archivePrefix  = "arXiv",
      primaryClass   = "math-AP",
      SLACcitation   = "%%CITATION = ARXIV:0904.2760;%%"
}

@unpublished{Cherman:2016hcd,
      author         = "Cherman, Aleksey and Sch{\"a}fer, Thomas and 
                        Unsal, Mithat",
      title          = "{Chiral Lagrangian from Duality and Monopole Operators 
                        in Compactified QCD}",
      year           = "2016",
      note           = "arXiv:1604.06108",
      archivePrefix  = "arXiv",
      primaryClass   = "hep-th",
      reportNumber   = "INT-PUB-16-011",
      SLACcitation   = "%%CITATION = ARXIV:1604.06108;%%"
}

@article{Shen:2014vra,
      author         = "Shen, Chun and Qiu, Zhi and Song, Huichao and Bernhard,
                        Jonah and Bass, Steffen and Heinz, Ulrich",
      title          = "{The iEBE-VISHNU code package for relativistic heavy-ion
                        collisions}",
      journal        = "Comput. Phys. Commun.",
      volume         = "199",
      year           = "2016",
      pages          = "61-85",
      doi            = "10.1016/j.cpc.2015.08.039",
      eprint         = "1409.8164",
      archivePrefix  = "arXiv",
      primaryClass   = "nucl-th",
      SLACcitation   = "%%CITATION = ARXIV:1409.8164;%%"
}

@article{Sauer:1976zzf,
      author         = "Sauer, G. and Chandra, H. and Mosel, U.",
      title          = "{Thermal properties of nuclei}",
      journal        = "Nucl. Phys.",
      volume         = "A264",
      year           = "1976",
      pages          = "221-243",
      doi            = "10.1016/0375-9474(76)90429-2",
      SLACcitation   = "%%CITATION = NUPHA,A264,221;%%"
}

@article{Braun-Munzinger:2015hba,
      author         = "Braun-Munzinger, Peter and Koch, Volker and Sch{\"a}fer,
                        Thomas and Stachel, Johanna",
      title          = "{Properties of hot and dense matter from relativistic
                        heavy ion collisions}",
      journal        = "Phys. Rept.",
      volume         = "621",
      year           = "2016",
      pages          = "76-126",
      doi            = "10.1016/j.physrep.2015.12.003",
      eprint         = "1510.00442",
      archivePrefix  = "arXiv",
      primaryClass   = "nucl-th",
      SLACcitation   = "%%CITATION = ARXIV:1510.00442;%%"
}

@article{Adams:2012th,
      author         = "Adams, Allan and Carr, Lincoln D. and Sch{\"a}fer, 
                        Thomas and Steinberg, Peter and Thomas, John E.",
      title          = "{Strongly Correlated Quantum Fluids: Ultracold Quantum
                        Gases, Quantum Chromodynamic Plasmas, and Holographic
                        Duality}",
      journal        = "New J. Phys.",
      volume         = "14",
      year           = "2012",
      pages          = "115009",
      doi            = "10.1088/1367-2630/14/11/115009",
      eprint         = "1205.5180",
      archivePrefix  = "arXiv",
      primaryClass   = "hep-th",
      SLACcitation   = "%%CITATION = ARXIV:1205.5180;%%"
}

@article{Wilson:1974sk,
      author         = "Wilson, Kenneth G.",
      title          = "{Confinement of Quarks}",
      journal        = "Phys. Rev.",
      volume         = "D10",
      year           = "1974",
      pages          = "2445-2459",
      doi            = "10.1103/PhysRevD.10.2445",
      note           = "[,45(1974)]",
      reportNumber   = "CLNS-262",
      SLACcitation   = "%%CITATION = PHRVA,D10,2445;%%"
}

@article{Romatschke:2009ng,
      author         = "Romatschke, Paul and Son, Dam Thanh",
      title          = "{Spectral sum rules for the quark-gluon plasma}",
      journal        = "Phys. Rev.",
      volume         = "D80",
      year           = "2009",
      pages          = "065021",
      doi            = "10.1103/PhysRevD.80.065021",
      eprint         = "0903.3946",
      archivePrefix  = "arXiv",
      primaryClass   = "hep-ph",
      reportNumber   = "INT-PUB-09-15",
      SLACcitation   = "%%CITATION = ARXIV:0903.3946;%%"
}

@article{Wolff:1988uh,
      author         = "Wolff, Ulli",
      title          = "{Collective Monte Carlo Updating for Spin Systems}",
      journal        = "Phys. Rev. Lett.",
      volume         = "62",
      year           = "1989",
      pages          = "361",
      doi            = "10.1103/PhysRevLett.62.361",
      reportNumber   = "DESY-88-144",
      SLACcitation   = "%%CITATION = PRLTA,62,361;%%"
}

@article{Endress:2014qpa,
      author         = "Endress, Eric and Pena, Carlos and Sivalingam, Karthee",
      title          = "{Variance reduction with practical all-to-all lattice
                        propagators}",
      journal        = "Comput. Phys. Commun.",
      volume         = "195",
      year           = "2015",
      pages          = "35-48",
      doi            = "10.1016/j.cpc.2015.04.017",
      eprint         = "1402.0831",
      archivePrefix  = "arXiv",
      primaryClass   = "hep-lat",
      reportNumber   = "IFT-UAM-CSIC-14-004, FT-UAM-14-4",
      SLACcitation   = "%%CITATION = ARXIV:1402.0831;%%"
}

@article{McLerran:1993ni,
      author         = "McLerran, Larry D. and Venugopalan, Raju",
      title          = "{Computing quark and gluon distribution functions for
                        very large nuclei}",
      journal        = "Phys. Rev.",
      volume         = "D49",
      year           = "1994",
      pages          = "2233-2241",
      doi            = "10.1103/PhysRevD.49.2233",
      eprint         = "hep-ph/9309289",
      archivePrefix  = "arXiv",
      primaryClass   = "hep-ph",
      reportNumber   = "TPI-MINN-93-44-T, NUC-MINN-93-24-T, HEP-UMN-TH-1220-93",
      SLACcitation   = "%%CITATION = HEP-PH/9309289;%%"
}

@article{Elhatisari:2016owd,
      author         = "Elhatisari, Serdar and others",
      title          = "{Nuclear binding near a quantum phase transition}",
      year           = "2016",
      eprint         = "1602.04539",
      archivePrefix  = "arXiv",
      primaryClass   = "nucl-th",
      SLACcitation   = "%%CITATION = ARXIV:1602.04539;%%"
}

@article{Elhatisari:2016hby,
      author         = "Elhatisari, Serdar and Lee, Dean and Mei{\ss}ner, Ulf-G. and
                        Rupak, Gautam",
      title          = "{Nucleon-deuteron scattering using the adiabatic
                        projection method}",
      year           = "2016",
      eprint         = "1603.02333",
      archivePrefix  = "arXiv",
      primaryClass   = "nucl-th",
      SLACcitation   = "%%CITATION = ARXIV:1603.02333;%%"
}

@article{Rokash:2015hra,
        Archiveprefix = {arXiv},
        Author = {Rokash, Alexander and Pine, Michelle and Elhatisari, Serdar and Lee, Dean and Epelbaum, Evgeny and others},
        Eprint = {1505.02967},
        Primaryclass = {nucl-th},
        Slaccitation = {%%CITATION = ARXIV:1505.02967;%%},
        Title = {{Scattering cluster wave functions on the lattice using the adiabatic projection method}},
        Year = {2015}}

@article{Lu:2015riz,
        Archiveprefix = {arXiv},
        Author = {Lu, Bing-Nan and L{\"a}hde, Timo A. and Lee, Dean and Mei{\ss}ner, Ulf-G.},
        Eprint = {1506.05652},
        Primaryclass = {nucl-th},
        Slaccitation = {%%CITATION = ARXIV:1506.05652;%%},
        Title = {{Precise determination of lattice phase shifts and mixing angles}},
        Year = {2015}}

@article{Carlson:2014vla,
      author         = "Carlson, J. and Gandolfi, S. and Pederiva, F. and Pieper,
                        Steven C. and Schiavilla, R. and Schmidt, K. E. and
                        Wiringa, R. B.",
      title          = "{Quantum Monte Carlo methods for nuclear physics}",
      journal        = "Rev. Mod. Phys.",
      volume         = "87",
      year           = "2015",
      pages          = "1067",
      doi            = "10.1103/RevModPhys.87.1067",
      eprint         = "1412.3081",
      archivePrefix  = "arXiv",
      primaryClass   = "nucl-th",
      reportNumber   = "LA-UR-14-29251, JLAB-THY-14-1989",
      SLACcitation   = "%%CITATION = ARXIV:1412.3081;%%"
}

@article{Weinberg:1990rz,
        Author = {Weinberg, Steven},
        Journal = {Phys. Lett.},
        Pages = {288-292},
        Slaccitation = {%%CITATION = PHLTA,B251,288;%%},
        Title = {Nuclear forces from chiral Lagrangians},
        Volume = {B251},
        Year = {1990}}

@article{Weinberg:1991um,
        Author = {Weinberg, Steven},
        Journal = {Nucl. Phys.},
        Pages = {3-18},
        Slaccitation = {%%CITATION = NUPHA,B363,3;%%},
        Title = {Effective chiral Lagrangians for nucleon - pion interactions and nuclear forces},
        Volume = {B363},
        Year = {1991}}

@article{Ordonez:1992xp,
        Author = {Ordonez, C. and van Kolck, U.},
        Journal = {Phys. Lett.},
        Pages = {459-464},
        Slaccitation = {%%CITATION = PHLTA,B291,459;%%},
        Title = {Chiral lagrangians and nuclear forces},
        Volume = {B291},
        Year = {1992}}

@article{Ordonez:1993tn,
        Author = {Ordonez, C. and Ray, L. and van Kolck, U.},
        Journal = {Phys. Rev. Lett.},
        Pages = {1982-1985},
        Slaccitation = {%%CITATION = PRLTA,72,1982;%%},
        Title = {Nucleon-nucleon potential from an effective chiral Lagrangian},
        Volume = {72},
        Year = {1994}}

@article{Epelbaum:1998hg,
        Author = {Epelbaum, E. and Gl{\"o}ckle, W. and Mei{\ss}ner, Ulf-G.},
        Eprint = {nucl-th/9804005},
        Journal = {Phys. Lett.},
        Pages = {1-5},
        Slaccitation = {%%CITATION = NUCL-TH 9804005;%%},
        Title = {Low-momentum effective theory for nucleons},
        Volume = {B439},
        Year = {1998}}

@article{Epelbaum:1998ka,
        Author = {Epelbaum, E. and Gl{\"o}ckle, W. and Mei{\ss}ner, Ulf-G.},
        Eprint = {nucl-th/9801064},
        Journal = {Nucl. Phys.},
        Pages = {107-134},
        Slaccitation = {%%CITATION = NUCL-TH 9801064;%%},
        Title = {Nuclear forces from chiral Lagrangians using the method of unitary transformation. I: Formalism},
        Volume = {A637},
        Year = {1998}}

@article{Bedaque:2002mn,
        Author = {Bedaque, Paulo F. and van Kolck, Ubirajara},
        Eprint = {nucl-th/0203055},
        Journal = {Ann. Rev. Nucl. Part. Sci.},
        Pages = {339-396},
        Slaccitation = {%%CITATION = NUCL-TH/0203055;%%},
        Title = {Effective field theory for few-nucleon systems},
        Volume = {52},
        Year = {2002}}

@article{Epelbaum:2008ga,
        Author = {Epelbaum, Evgeny and Hammer, Hans-Werner and Mei{\ss}ner, Ulf-G.},
        Eprint = {arXiv:0811.1338 [nucl-th]},
        Journal = {Rev. Mod. Phys.},
        Pages = {1773},
        Slaccitation = {%%CITATION = 0811.1338;%%},
        Title = {{Modern Theory of Nuclear Forces}},
        Volume = {81},
        Year = {2009}}

@article{Lee:2008fa,
        Author = {Lee, Dean},
        Eprint = {arXiv:0804.3501 [nucl-th]},
        Journal = {Prog. Part. Nucl. Phys.},
        Pages = {117-154},
        Slaccitation = {%%CITATION = 0804.3501;%%},
        Title = {{Lattice simulations for few- and many-body systems}},
        Volume = {63},
        Year = {2009}}


@article{Drut:2012a,
        Archiveprefix = {arXiv},
        Author = {{Drut}, J.~E. and {Nicholson}, A.~N.},
        Doi = {10.1088/0954-3899/40/4/043101},
        Eid = {043101},
        Eprint = {1208.6556},
        Journal = {J. Phys. G: Nucl. Part. Phys.},
        Month = apr,
        Number = 4,
        Pages = {043101},
        Primaryclass = {cond-mat.stat-mech},
        Title = {{Lattice methods for strongly interacting many-body systems}},
        Volume = 40,
        Year = 2013,
        Bdsk-Url-1 = {http://dx.doi.org/10.1088/0954-3899/40/4/043101}}

@article{Hubbard:1959ub,
        Author = {Hubbard, J.},
        Journal = {Phys. Rev. Lett.},
        Pages = {77-80},
        Slaccitation = {%%CITATION = PRLTA,3,77;%%},
        Title = {Calculation of partition functions},
        Volume = {3},
        Year = {1959}}

@article{Stratonovich:1958,
        Author = {Stratonovich, R. L.},
        Journal = {Soviet Phys. Doklady},
        Pages = {416-419},
        Title = {On a method of calculating quantum distribution functions},
        Volume = {2},
        Year = {1958}}

@article{Weingarten:1980hx,
        Author = {Weingarten, D. H. and Petcher, D. N.},
        Journal = {Phys. Lett.},
        Pages = {333},
        Slaccitation = {%%CITATION = PHLTA,B99,333;%%},
        Title = {{Monte Carlo Integration for Lattice Gauge Theories with Fermions}},
        Volume = {B99},
        Year = {1981}}

@article{Scalettar:1986uy,
        Author = {Scalettar, R. T. and Scalapino, D. J. and Sugar, R. L.},
        Journal = {Phys. Rev.},
        Pages = {7911-7917},
        Slaccitation = {%%CITATION = PHRVA,B34,7911;%%},
        Title = {{New Algorithm for the Numerical Simulation of Fermions}},
        Volume = {B34},
        Year = {1986}}

@article{Gottlieb:1987mq,
        Author = {Gottlieb, S. and Liu, W. and Toussaint, D. and Renken, R. L. and Sugar, R. L.},
        Journal = {Phys. Rev.},
        Pages = {2531-2542},
        Slaccitation = {%%CITATION = PHRVA,D35,2531;%%},
        Title = {{Hybrid Molecular Dynamics Algorithms for the Numerical Simulation of Quantum Chromodynamics}},
        Volume = {D35},
        Year = {1987}}

@article{Duane:1987de,
        Author = {Duane, S. and Kennedy, A. D. and Pendleton, B. J. and Roweth, D.},
        Journal = {Phys. Lett.},
        Pages = {216-222},
        Slaccitation = {%%CITATION = PHLTA,B195,216;%%},
        Title = {{Hybrid Monte Carlo}},
        Volume = {B195},
        Year = {1987}}

@article{Muller:1999cp,
        Author = {M{\"u}ller, H. M. and Koonin, S. E. and Seki, R. and van Kolck, U.},
        Eprint = {nucl-th/9910038},
        Journal = {Phys. Rev.},
        Pages = {044320},
        Slaccitation = {%%CITATION = NUCL-TH 9910038;%%},
        Title = {Nuclear Matter on a Lattice},
        Volume = {C61},
        Year = {2000}}

@article{Lee:2004si,
        Author = {Lee, Dean and Borasoy, Bugra and Sch{\"a}fer, Thomas},
        Eprint = {nucl-th/0402072},
        Journal = {Phys. Rev.},
        Pages = {014007},
        Slaccitation = {%%CITATION = NUCL-TH 0402072;%%},
        Title = {Nuclear lattice simulations with chiral effective field theory},
        Volume = {C70},
        Year = {2004}}

@article{Lee:2004qd,
        Author = {Lee, Dean and Sch{\"a}fer, Thomas},
        Eprint = {nucl-th/0412002},
        Journal = {Phys. Rev.},
        Pages = {024006},
        Slaccitation = {%%CITATION = NUCL-TH 0412002;%%},
        Title = {Neutron matter on the lattice with pionless effective field theory},
        Volume = {C72},
        Year = {2005}}

@article{Lee:2005is,
        Author = {Lee, Dean and Sch{\"a}fer, Thomas},
        Eprint = {nucl-th/0509017},
        Journal = {Phys. Rev.},
        Pages = {015201},
        Slaccitation = {%%CITATION = NUCL-TH 0509017;%%},
        Title = {Cold dilute neutron matter on the lattice I: Lattice virial coefficients and large scattering lengths},
        Volume = {C73},
        Year = {2006}}

@article{Lee:2005it,
        Author = {Lee, Dean and Sch{\"a}fer, Thomas},
        Eprint = {nucl-th/0509018},
        Journal = {Phys. Rev.},
        Pages = {015202},
        Slaccitation = {%%CITATION = NUCL-TH 0509018;%%},
        Title = {Cold dilute neutron matter on the lattice II: Results in the unitary limit},
        Volume = {C73},
        Year = {2006}}

@article{Borasoy:2005yc,
        Author = {Borasoy, B. and Krebs, H. and Lee, D. and Mei{\ss}ner, U.-G.},
        Eprint = {nucl-th/0510047},
        Journal = {Nucl. Phys.},
        Pages = {179-193},
        Slaccitation = {%%CITATION = NUCL-TH 0510047;%%},
        Title = {The triton and three-nucleon force in nuclear lattice simulations},
        Volume = {A768},
        Year = {2006}}

@article{Borasoy:2006qn,
        Author = {Borasoy, Bugra and Epelbaum, Evgeny and Krebs, Hermann and Lee, Dean and Mei{\ss}ner, Ulf-G.},
        Eprint = {nucl-th/0611087},
        Journal = {Eur. Phys. J.},
        Pages = {105-123},
        Slaccitation = {%%CITATION = NUCL-TH 0611087;%%},
        Title = {Lattice simulations for light nuclei: Chiral effective field theory at leading order},
        Volume = {A31},
        Year = {2007}}

@article{Borasoy:2007vk,
        Author = {Borasoy, Bugra and Epelbaum, Evgeny and Krebs, Hermann and Lee, Dean and Mei{\ss}ner, Ulf-G.},
        Eprint = {arXiv:0712.2993 [nucl-th]},
        Journal = {Eur. Phys. J.},
        Pages = {357-367},
        Slaccitation = {%%CITATION = ARXIV:0712.2993;%%},
        Title = {{Dilute neutron matter on the lattice at next-to-leading order in chiral effective field theory}},
        Volume = {A35},
        Year = {2008}}

@article{Borasoy:2007vi,
        Author = {Borasoy, Bugra and Epelbaum, Evgeny and Krebs, Hermann and Lee, Dean and Mei{\ss}ner, Ulf-G.},
        Eprint = {arXiv:0712.2990 [nucl-th]},
        Journal = {Eur. Phys. J.},
        Pages = {343-355},
        Slaccitation = {%%CITATION = ARXIV:0712.2990;%%},
        Title = {{Chiral effective field theory on the lattice at next-to- leading order}},
        Volume = {A35},
        Year = {2008}}

@article{Wlazlowski:2014jna,
        Archiveprefix = {arXiv},
        Author = {Wlaz{\l}owski, G. and Holt, J. W. and Moroz, S. and Bulgac, A. and Roche, K. J.},
        Doi = {10.1103/PhysRevLett.113.182503},
        Eprint = {1403.3753},
        Journal = {Phys. Rev. Lett.},
        Number = {18},
        Pages = {182503},
        Primaryclass = {nucl-th},
        Reportnumber = {NT@UW-14-07},
        Slaccitation = {%%CITATION = ARXIV:1403.3753;%%},
        Title = {{Auxiliary-Field Quantum Monte Carlo Simulations of Neutron Matter in Chiral Effective Field Theory}},
        Volume = {113},
        Year = {2014},
        Bdsk-Url-1 = {http://dx.doi.org/10.1103/PhysRevLett.113.182503}}

@article{Epelbaum:2009zs,
        Archiveprefix = {arXiv},
        Author = {Epelbaum, Evgeny and Krebs, Hermann and Lee, Dean and Mei{\ss}ner, U.-G.},
        Eprint = {arXiv:0903.1666 [nucl-th]},
        Journal = {Eur. Phys. J.},
        Pages = {125-139},
        Primaryclass = {nucl-th},
        Slaccitation = {%%CITATION = 0903.1666;%%},
        Title = {{Lattice chiral effective field theory with three-body interactions at next-to-next-to-leading order}},
        Volume = {A41},
        Year = {2009}}

@article{Epelbaum:2009pd,
        Archiveprefix = {arXiv},
        Author = {Epelbaum, Evgeny and Krebs, Hermann and Lee, Dean and Mei{\ss}ner, Ulf-G.},
        Eprint = {arXiv:0912.4195 [nucl-th]},
        Journal = {Phys. Rev. Lett.},
        Pages = {142501},
        Primaryclass = {nucl-th},
        Slaccitation = {%%CITATION = 0912.4195;%%},
        Title = {{Lattice effective field theory calculations for A = 3,4,6,12 nuclei}},
        Volume = {104},
        Year = {2010}}

@article{Epelbaum:2011md,
        Archiveprefix = {arXiv},
        Author = {Epelbaum, Evgeny and Krebs, Hermann and Lee, Dean and Mei{\ss}ner, Ulf-G.},
        Doi = {10.1103/PhysRevLett.106.192501},
        Eprint = {arXiv:1101.2547 [nucl-th]},
        Journal = {Phys. Rev. Lett.},
        Pages = {192501},
        Primaryclass = {nucl-th},
        Slaccitation = {%%CITATION = 1101.2547;%%},
        Title = {{Ab initio calculation of the Hoyle state}},
        Volume = {106},
        Year = {2011},
        Bdsk-Url-1 = {http://dx.doi.org/10.1103/PhysRevLett.106.192501}}

@article{Epelbaum:2012qn,
        Archiveprefix = {arXiv},
        Author = {Epelbaum, Evgeny and Krebs, Hermann and L{\"a}hde, Timo and Lee, Dean and Mei{\ss}ner, Ulf-G.},
        Doi = {10.1103/PhysRevLett.109.252501},
        Eprint = {1208.1328},
        Journal = {Phys. Rev. Lett.},
        Pages = {252501},
        Primaryclass = {nucl-th},
        Slaccitation = {%%CITATION = ARXIV:1208.1328;%%},
        Title = {{Structure and rotations of the Hoyle state}},
        Volume = {109},
        Year = {2012},
        Bdsk-Url-1 = {http://dx.doi.org/10.1103/PhysRevLett.109.252501}}

@article{Epelbaum:2012iu,
        Archiveprefix = {arXiv},
        Author = {Epelbaum, Evgeny and Krebs, Hermann and L{\"a}hde, Timo A. and Lee, Dean and Mei{\ss}ner, Ulf-G.},
        Doi = {10.1103/PhysRevLett.110.112502},
        Eprint = {1212.4181},
        Journal = {Phys. Rev. Lett.},
        Pages = {112502},
        Primaryclass = {nucl-th},
        Slaccitation = {%%CITATION = ARXIV:1212.4181;%%},
        Title = {{Viability of Carbon-Based Life as a Function of the Light Quark Mass}},
        Volume = {110},
        Year = {2013},
        Bdsk-Url-1 = {http://dx.doi.org/10.1103/PhysRevLett.110.112502}}

@article{Lahde:2013uqa,
        Archiveprefix = {arXiv},
        Author = {L{\"a}hde, Timo A. and Epelbaum, Evgeny and Krebs, Hermann and Lee, Dean and Mei{\ss}ner, Ulf-G. and Rupak, Gautam},
        Doi = {10.1016/j.physletb.2014.03.023},
        Eprint = {1311.0477},
        Journal = {Phys. Lett.},
        Pages = {110-115},
        Primaryclass = {nucl-th},
        Slaccitation = {%%CITATION = ARXIV:1311.0477;%%},
        Title = {{Lattice Effective Field Theory for Medium-Mass Nuclei}},
        Volume = {B732},
        Year = {2014},
        Bdsk-Url-1 = {http://dx.doi.org/10.1016/j.physletb.2014.03.023}}

@article{Epelbaum:2013paa,
        Archiveprefix = {arXiv},
        Author = {Epelbaum, Evgeny and Krebs, Hermann and L{\"a}hde, Timo A. and Lee, Dean and Mei{\ss}ner, Ulf-G. and Rupak, Gautam},
        Doi = {10.1103/PhysRevLett.112.102501},
        Eprint = {1312.7703},
        Journal = {Phys. Rev. Lett.},
        Number = {10},
        Pages = {102501},
        Primaryclass = {nucl-th},
        Slaccitation = {%%CITATION = ARXIV:1312.7703;%%},
        Title = {{Ab initio calculation of the spectrum and structure of $^{16}$O}},
        Volume = {112},
        Year = {2014},
        Bdsk-Url-1 = {http://dx.doi.org/10.1103/PhysRevLett.112.102501}}


@article{Rupak:2013aue,
        Archiveprefix = {arXiv},
        Author = {Rupak, Gautam and Lee, Dean},
        Doi = {10.1103/PhysRevLett.111.032502},
        Eprint = {1302.4158},
        Journal = {Phys. Rev. Lett.},
        Number = {3},
        Pages = {032502},
        Primaryclass = {nucl-th},
        Reportnumber = {INT-PUB-13-007},
        Slaccitation = {%%CITATION = ARXIV:1302.4158;%%},
        Title = {{Radiative capture reactions in lattice effective field theory}},
        Volume = {111},
        Year = {2013},
        Bdsk-Url-1 = {http://dx.doi.org/10.1103/PhysRevLett.111.032502}}

@article{Rupak:2014xza,
        Archiveprefix = {arXiv},
        Author = {Rupak, Gautam and Ravi, Pranaam},
        Doi = {10.1016/j.physletb.2014.12.055},
        Eprint = {1411.2436},
        Journal = {Phys. Lett.},
        Pages = {301-304},
        Primaryclass = {nucl-th},
        Slaccitation = {%%CITATION = ARXIV:1411.2436;%%},
        Title = {{Proton--proton fusion in lattice effective field theory}},
        Volume = {B741},
        Year = {2014},
        Bdsk-Url-1 = {http://dx.doi.org/10.1016/j.physletb.2014.12.055}}

@article{Elhatisari:2015iga,
      author         = "Elhatisari, Serdar and Lee, Dean and Rupak, Gautam and
                        Epelbaum, Evgeny and Krebs, Hermann and L{\"a}hde, Timo A.
                        and Luu, Thomas and Mei{\ss}ner, Ulf-G.",
      title          = "{Ab initio alpha-alpha scattering}",
      journal        = "Nature",
      volume         = "528",
      year           = "2015",
      pages          = "111",
      doi            = "10.1038/nature16067",
      eprint         = "1506.03513",
      archivePrefix  = "arXiv",
      primaryClass   = "nucl-th",
      SLACcitation   = "%%CITATION = ARXIV:1506.03513;%%"
}

@article{Luscher:1985dn,
        Author = {L{\"u}scher, M.},
        Journal = {Commun. Math. Phys.},
        Pages = {177},
        Slaccitation = {%%CITATION = CMPHA,104,177;%%},
        Title = {Volume Dependence of the Energy Spectrum in Massive Quantum Field Theories. 1. Stable Particle States},
        Volume = {104},
        Year = {1986}}

@article{Luscher:1986pf,
        Author = {L{\"u}scher, M.},
        Journal = {Commun. Math. Phys.},
        Pages = {153-188},
        Slaccitation = {%%CITATION = CMPHA,105,153;%%},
        Title = {VOLUME DEPENDENCE OF THE ENERGY SPECTRUM IN MASSIVE QUANTUM FIELD THEORIES. 2. SCATTERING STATES},
        Volume = {105},
        Year = {1986}}

@article{Luscher:1991ux,
        Author = {L{\"u}scher, Martin},
        Journal = {Nucl. Phys.},
        Pages = {531-578},
        Slaccitation = {%%CITATION = NUPHA,B354,531;%%},
        Title = {Two particle states on a torus and their relation to the scattering matrix},
        Volume = {B354},
        Year = {1991}}

@article{Borasoy:2007vy,
        Author = {Borasoy, Bugra and Epelbaum, Evgeny and Krebs, Hermann and Lee, Dean and Mei{\ss}ner, Ulf-G.},
        Eprint = {arXiv:0708.1780 [nucl-th]},
        Journal = {Eur. Phys. J.},
        Pages = {185-196},
        Slaccitation = {%%CITATION = ARXIV:0708.1780;%%},
        Title = {Two-particle scattering on the lattice: Phase shifts, spin- orbit coupling, and mixing angles},
        Volume = {A34},
        Year = {2007}}


@article{Carlson:1984,
        Author = {J. Carlson and V.R. Pandharipande and R.B. Wiringa},
        Doi = {http://dx.doi.org/10.1016/0375-9474(84)90127-1},
        Issn = {0375-9474},
        Journal = {Nucl. Phys. A},
        Number = {1},
        Pages = {47 - 59},
        Title = {{Variational calculations of resonant states in 4He}},
        Url = {http://www.sciencedirect.com/science/article/pii/0375947484901271},
        Volume = {424},
        Year = {1984},
        Bdsk-Url-1 = {http://www.sciencedirect.com/science/article/pii/0375947484901271},
        Bdsk-Url-2 = {http://dx.doi.org/10.1016/0375-9474(84)90127-1}}

@article{Pine:2013zja,
        Archiveprefix = {arXiv},
        Author = {Pine, Michelle and Lee, Dean and Rupak, Gautam},
        Doi = {10.1140/epja/i2013-13151-3},
        Eprint = {1309.2616},
        Journal = {Eur. Phys. J.},
        Pages = {151},
        Primaryclass = {nucl-th},
        Slaccitation = {%%CITATION = ARXIV:1309.2616;%%},
        Title = {{Adiabatic projection method for scattering and reactions on the lattice}},
        Volume = {A49},
        Year = {2013},
        Bdsk-Url-1 = {http://dx.doi.org/10.1140/epja/i2013-13151-3}}

@article{Elhatisari:2014lka,
        Archiveprefix = {arXiv},
        Author = {Elhatisari, Serdar and Lee, Dean},
        Doi = {10.1103/PhysRevC.90.064001},
        Eprint = {1407.2784},
        Journal = {Phys. Rev.},
        Number = {6},
        Pages = {064001},
        Primaryclass = {nucl-th},
        Slaccitation = {%%CITATION = ARXIV:1407.2784;%%},
        Title = {{Fermion-dimer scattering using an impurity lattice Monte Carlo approach and the adiabatic projection method}},
        Volume = {C90},
        Year = {2014},
        Bdsk-Url-1 = {http://dx.doi.org/10.1103/PhysRevC.90.064001}}

@article{Creutz:1988wv,
        Author = {Creutz, M.},
        Journal = {Phys. Rev.},
        Pages = {1228-1238},
        Slaccitation = {%%CITATION = PHRVA,D38,1228;%%},
        Title = {GLOBAL MONTE CARLO ALGORITHMS FOR MANY FERMION SYSTEMS},
        Volume = {D38},
        Year = {1988}}

@article{Creutz:1999zy,
        Author = {Creutz, Michael},
        Eprint = {hep-lat/9905024},
        Journal = {Found. Phys.},
        Pages = {487-492},
        Slaccitation = {%%CITATION = HEP-LAT 9905024;%%},
        Title = {Transfer matrices and lattice fermions at finite density},
        Volume = {30},
        Year = {2000}}

@article{Carlson:2014vla,
      author         = "Carlson, J. and Gandolfi, S. and Pederiva, F. and Pieper,
                        Steven C. and Schiavilla, R. and Schmidt, K. E. and
                        Wiringa, R. B.",
      title          = "{Quantum Monte Carlo methods for nuclear physics}",
      journal        = "Rev. Mod. Phys.",
      volume         = "87",
      year           = "2015",
      pages          = "1067",
      doi            = "10.1103/RevModPhys.87.1067",
      eprint         = "1412.3081",
      archivePrefix  = "arXiv",
      primaryClass   = "nucl-th",
      reportNumber   = "LA-UR-14-29251, JLAB-THY-14-1989",
      SLACcitation   = "%%CITATION = ARXIV:1412.3081;%%"
}

@article{vanKolck:1994yi,
        Author = {van Kolck, U.},
        Journal = {Phys. Rev.},
        Pages = {2932-2941},
        Slaccitation = {%%CITATION = PHRVA,C49,2932;%%},
        Title = {Few nucleon forces from chiral Lagrangians},
        Volume = {C49},
        Year = {1994}}